<?xml version="1.0" encoding="UTF-8"?>
<!DOCTYPE html PUBLIC "-//W3C//DTD XHTML 1.0 Transitional//EN"
    "http://www.w3.org/TR/xhtml1/DTD/xhtml1-transitional.dtd">
<html xmlns="http://www.w3.org/1999/xhtml" xml:lang="en" lang="en">
 <head>
  <title>
</title>
<meta http-equiv="Content-Type" content="text/html;charset=utf-8" />
  <meta name='ocr-system' content='tesseract 3.04.00' />
  <meta name='ocr-capabilities' content='ocr_page ocr_carea ocr_par ocr_line ocrx_word'/>
</head>
<body>
  <div class='ocr_page' id='page_1' title='image "./liberprimus01danagoog_0018.png"; bbox 0 0 2492 4038; ppageno 0'>
   <div class='ocr_carea' id='block_1_1' title="bbox 611 347 649 418">
    <p class='ocr_par' dir='ltr' id='par_1_1' title="bbox 611 347 649 418">
     <span class='ocr_line' id='line_1_1' title="bbox 611 347 649 418; baseline 0 0"><span class='ocrx_word' id='word_1_1' title='bbox 611 347 649 418; x_wconf 91' lang='lat' dir='ltr'><strong>ll</strong></span> 
     </span>
    </p>
   </div>
   <div class='ocr_carea' id='block_1_2' title="bbox 156 521 1105 888">
    <p class='ocr_par' dir='ltr' id='par_1_2' title="bbox 207 521 899 622">
     <span class='ocr_line' id='line_1_2' title="bbox 207 521 899 622; baseline 0 -24"><span class='ocrx_word' id='word_1_2' title='bbox 207 521 336 598; x_wconf 77' lang='lat' dir='ltr'><strong>Musas</strong></span> <span class='ocrx_word' id='word_1_3' title='bbox 360 524 457 622; x_wconf 80' lang='lat' dir='ltr'><strong>ipsas</strong></span> <span class='ocrx_word' id='word_1_4' title='bbox 482 525 613 600; x_wconf 70' lang='lat' dir='ltr'><strong>Latino</strong></span> <span class='ocrx_word' id='word_1_5' title='bbox 637 525 734 620; x_wconf 89' lang='lat' dir='ltr'><strong>loqui</strong></span> <span class='ocrx_word' id='word_1_6' title='bbox 759 525 899 600; x_wconf 82' lang='lat' dir='ltr'><strong>credas.</strong></span> 
     </span>
    </p>

    <p class='ocr_par' dir='ltr' id='par_1_3' title="bbox 208 619 1103 720">
     <span class='ocr_line' id='line_1_3' title="bbox 208 619 1103 720; baseline 0.004 -28"><span class='ocrx_word' id='word_1_7' title='bbox 208 619 405 697; x_wconf 81' lang='lat' dir='ltr'><strong>Plurimum</strong></span> <span class='ocrx_word' id='word_1_8' title='bbox 421 625 582 718; x_wconf 86' lang='lat' dir='ltr'><strong>proderit</strong></span> <span class='ocrx_word' id='word_1_9' title='bbox 598 647 730 720; x_wconf 86' lang='lat' dir='ltr'><strong>pueros</strong></span> <span class='ocrx_word' id='word_1_10' title='bbox 747 625 934 698; x_wconf 84' lang='lat' dir='ltr'><strong>salubriter</strong></span> <span class='ocrx_word' id='word_1_11' title='bbox 955 623 1103 698; x_wconf 83' lang='lat' dir='ltr'><strong>institui.</strong></span> 
     </span>
    </p>

    <p class='ocr_par' dir='ltr' id='par_1_4' title="bbox 156 718 1105 888">
     <span class='ocr_line' id='line_1_4' title="bbox 208 718 1105 817; baseline 0.006 -26"><span class='ocrx_word' id='word_1_12' title='bbox 208 718 338 792; x_wconf 87' lang='lat' dir='ltr'><strong>Aliena</strong></span> <span class='ocrx_word' id='word_1_13' title='bbox 363 721 451 794; x_wconf 83' lang='lat' dir='ltr'><strong>vitia</strong></span> <span class='ocrx_word' id='word_1_14' title='bbox 475 723 623 816; x_wconf 84' lang='lat' dir='ltr'><strong>quisque</strong></span> <span class='ocrx_word' id='word_1_15' title='bbox 648 721 865 817; x_wconf 84' lang='lat' dir='ltr'><strong>reprehendi</strong></span> <span class='ocrx_word' id='word_1_16' title='bbox 890 722 974 812; x_wconf 88' lang='lat' dir='ltr'><strong>vult,</strong></span> <span class='ocrx_word' id='word_1_17' title='bbox 998 731 1105 817; x_wconf 72' lang='lat' dir='ltr'><strong>quim</strong></span> 
     </span>
     <span class='ocr_line' id='line_1_5' title="bbox 156 837 235 888; baseline -0.013 0"><span class='ocrx_word' id='word_1_18' title='bbox 156 837 235 888; x_wconf 86' lang='lat' dir='ltr'><strong>sua.</strong></span> 
     </span>
    </p>
   </div>
   <div class='ocr_carea' id='block_1_3' title="bbox 274 1131 811 1272">
    <p class='ocr_par' dir='ltr' id='par_1_5' title="bbox 274 1131 811 1272">
     <span class='ocr_line' id='line_1_6' title="bbox 274 1131 811 1272; baseline 0.002 -27"><span class='ocrx_word' id='word_1_19' title='bbox 274 1151 276 1156; x_wconf 32' lang='lat'>⁵</span> <span class='ocrx_word' id='word_1_20' title='bbox 340 1195 358 1231; x_wconf 74' lang='lat'>⁸</span> <span class='ocrx_word' id='word_1_21' title='bbox 454 1131 585 1248; x_wconf 78' lang='lat' dir='ltr'><em>Neuter</em></span> <span class='ocrx_word' id='word_1_22' title='bbox 607 1163 811 1272; x_wconf 70' lang='lat' dir='ltr'><strong>Atly&#39;ectiues.</strong></span> 
     </span>
    </p>
   </div>
   <div class='ocr_carea' id='block_1_4' title="bbox 408 1329 854 1436">
    <p class='ocr_par' dir='ltr' id='par_1_6' title="bbox 408 1329 854 1436">
     <span class='ocr_line' id='line_1_7' title="bbox 408 1329 854 1436; baseline 0.004 -18"><span class='ocrx_word' id='word_1_23' title='bbox 408 1367 499 1430; x_wconf 70' lang='lat' dir='ltr'><strong>arm,</strong></span> <span class='ocrx_word' id='word_1_24' title='bbox 514 1329 547 1418; x_wconf 77' lang='lat' dir='ltr'><strong>u.</strong></span> <span class='ocrx_word' id='word_1_25' title='bbox 562 1370 708 1432; x_wconf 75' lang='lat' dir='ltr'><strong>a-smru,</strong></span> <span class='ocrx_word' id='word_1_26' title='bbox 723 1371 735 1436; x_wconf 74' lang='grc' dir='ltr'><strong>ι</strong></span> <span class='ocrx_word' id='word_1_27' title='bbox 749 1370 773 1420; x_wconf 79' lang='lat'><strong>2.</strong></span> <span class='ocrx_word' id='word_1_28' title='bbox 789 1371 854 1420; x_wconf 79' lang='grc' dir='ltr'><strong>ιιι,</strong></span> 
     </span>
    </p>
   </div>
   <div class='ocr_carea' id='block_1_5' title="bbox 200 1456 1098 2050">
    <p class='ocr_par' dir='ltr' id='par_1_7' title="bbox 204 1456 572 1554">
     <span class='ocr_line' id='line_1_8' title="bbox 204 1456 572 1554; baseline 0.014 -24"><span class='ocrx_word' id='word_1_29' title='bbox 204 1456 302 1547; x_wconf 84' lang='lat' dir='ltr'>Quid</span> <span class='ocrx_word' id='word_1_30' title='bbox 327 1461 466 1554; x_wconf 85' lang='lat' dir='ltr'><strong>negotii</strong></span> <span class='ocrx_word' id='word_1_31' title='bbox 491 1461 572 1536; x_wconf 87' lang='lat' dir='ltr'><strong>est?</strong></span> 
     </span>
    </p>

    <p class='ocr_par' dir='ltr' id='par_1_8' title="bbox 204 1555 811 1656">
     <span class='ocr_line' id='line_1_9' title="bbox 204 1555 811 1656; baseline 0.008 -29"><span class='ocrx_word' id='word_1_32' title='bbox 204 1555 302 1644; x_wconf 79' lang='lat' dir='ltr'><strong>Quid</strong></span> <span class='ocrx_word' id='word_1_33' title='bbox 327 1560 440 1631; x_wconf 84' lang='lat' dir='ltr'><strong>turbae</strong></span> <span class='ocrx_word' id='word_1_34' title='bbox 465 1570 521 1630; x_wconf 85' lang='lat' dir='ltr'><strong>est</strong></span> <span class='ocrx_word' id='word_1_35' title='bbox 545 1559 642 1654; x_wconf 92' lang='lat' dir='ltr'><strong>apud</strong></span> <span class='ocrx_word' id='word_1_36' title='bbox 667 1559 811 1656; x_wconf 88' lang='lat' dir='ltr'><strong>sorum?</strong></span> 
     </span>
    </p>

    <p class='ocr_par' dir='ltr' id='par_1_9' title="bbox 202 1651 1098 1937">
     <span class='ocr_line' id='line_1_10' title="bbox 203 1651 1098 1758; baseline 0.009 -34"><span class='ocrx_word' id='word_1_37' title='bbox 203 1651 288 1726; x_wconf 82' lang='lat' dir='ltr'><strong>Plus</strong></span> <span class='ocrx_word' id='word_1_38' title='bbox 312 1654 518 1750; x_wconf 73' lang='lat' dir='ltr'><strong>ignominia</strong></span> <span class='ocrx_word' id='word_1_39' title='bbox 543 1656 651 1752; x_wconf 69' lang='lat' dir='ltr'><strong>quam</strong></span> <span class='ocrx_word' id='word_1_40' title='bbox 676 1657 792 1730; x_wconf 83' lang='lat' dir='ltr'><strong>cladis</strong></span> <span class='ocrx_word' id='word_1_41' title='bbox 817 1668 873 1730; x_wconf 83' lang='lat' dir='ltr'><strong>est</strong></span> <span class='ocrx_word' id='word_1_42' title='bbox 897 1669 1098 1758; x_wconf 85' lang='lat' dir='ltr'><strong>acceptum.</strong></span> 
     </span>
     <span class='ocr_line' id='line_1_11' title="bbox 202 1749 999 1858; baseline 0.011 -37"><span class='ocrx_word' id='word_1_43' title='bbox 202 1749 288 1823; x_wconf 81' lang='lat' dir='ltr'><strong>Plur</strong></span> <span class='ocrx_word' id='word_1_44' title='bbox 312 1753 420 1826; x_wconf 86' lang='lat' dir='ltr'><strong>timor</strong></span> <span class='ocrx_word' id='word_1_45' title='bbox 443 1753 553 1858; x_wconf 68' lang='lat' dir='ltr'><strong>quam</strong></span> <span class='ocrx_word' id='word_1_46' title='bbox 577 1755 632 1828; x_wconf 92' lang='lat' dir='ltr'><strong>ira</strong></span> <span class='ocrx_word' id='word_1_47' title='bbox 657 1755 853 1832; x_wconf 80' lang='lat' dir='ltr'><strong>celeritatis</strong></span> <span class='ocrx_word' id='word_1_48' title='bbox 877 1755 999 1830; x_wconf 83' lang='lat' dir='ltr'><strong>habet.</strong></span> 
     </span>
     <span class='ocr_line' id='line_1_12' title="bbox 202 1847 600 1937; baseline 0.013 -17"><span class='ocrx_word' id='word_1_49' title='bbox 202 1847 301 1937; x_wconf 82' lang='lat' dir='ltr'><strong>Quid</strong></span> <span class='ocrx_word' id='word_1_50' title='bbox 326 1851 410 1924; x_wconf 90' lang='lat' dir='ltr'><strong>novi</strong></span> <span class='ocrx_word' id='word_1_51' title='bbox 435 1852 600 1925; x_wconf 84' lang='lat' dir='ltr'><strong>accidit?</strong></span> 
     </span>
    </p>

    <p class='ocr_par' dir='ltr' id='par_1_10' title="bbox 200 1944 832 2050">
     <span class='ocr_line' id='line_1_13' title="bbox 200 1944 832 2050; baseline 0.005 -30"><span class='ocrx_word' id='word_1_52' title='bbox 200 1944 324 2022; x_wconf 86' lang='lat' dir='ltr'><strong>Minus</strong></span> <span class='ocrx_word' id='word_1_53' title='bbox 348 1947 499 2038; x_wconf 86' lang='lat' dir='ltr'><strong>timoris,</strong></span> <span class='ocrx_word' id='word_1_54' title='bbox 525 1951 643 2024; x_wconf 86' lang='lat' dir='ltr'><strong>miuus</strong></span> <span class='ocrx_word' id='word_1_55' title='bbox 668 1951 832 2050; x_wconf 79' lang='lat' dir='ltr'><strong>periculi.</strong></span> 
     </span>
    </p>
   </div>
   <div class='ocr_carea' id='block_1_6' title="bbox 333 2330 917 2434">
    <p class='ocr_par' dir='ltr' id='par_1_11' title="bbox 333 2330 917 2434">
     <span class='ocr_line' id='line_1_14' title="bbox 333 2330 917 2434; baseline 0.005 -30"><span class='ocrx_word' id='word_1_56' title='bbox 333 2330 531 2421; x_wconf 77' lang='lat' dir='ltr'><strong>Partitiver,</strong></span> <span class='ocrx_word' id='word_1_57' title='bbox 560 2330 827 2434; x_wconf 76' lang='lat' dir='ltr'><strong>Comparatiues,</strong></span> <span class='ocrx_word' id='word_1_58' title='bbox 854 2338 917 2422; x_wconf 61' lang='lat' dir='ltr'><strong>oc.</strong></span> 
     </span>
    </p>
   </div>
   <div class='ocr_carea' id='block_1_7' title="bbox 395 2529 860 2594">
    <p class='ocr_par' dir='ltr' id='par_1_12' title="bbox 395 2529 860 2594">
     <span class='ocr_line' id='line_1_15' title="bbox 395 2529 860 2594; baseline 0.002 -17"><span class='ocrx_word' id='word_1_59' title='bbox 395 2529 488 2589; x_wconf 71' lang='lat' dir='ltr'><strong>arm,</strong></span> <span class='ocrx_word' id='word_1_60' title='bbox 502 2530 535 2578; x_wconf 82' lang='lat' dir='ltr'><strong>a.</strong></span> <span class='ocrx_word' id='word_1_61' title='bbox 551 2531 713 2592; x_wconf 75' lang='lat' dir='ltr'><strong>11.-s1nru‚</strong></span> <span class='ocrx_word' id='word_1_62' title='bbox 727 2533 741 2594; x_wconf 73' lang='grc' dir='ltr'><strong>ι</strong></span> <span class='ocrx_word' id='word_1_63' title='bbox 754 2533 778 2581; x_wconf 79' lang='lat' dir='ltr'><strong>a</strong></span> <span class='ocrx_word' id='word_1_64' title='bbox 794 2531 826 2580; x_wconf 81' lang='grc' dir='ltr'><strong>ιι.</strong></span> <span class='ocrx_word' id='word_1_65' title='bbox 836 2531 860 2579; x_wconf 83' lang='lat' dir='ltr'><strong>r.</strong></span> 
     </span>
    </p>
   </div>
   <div class='ocr_carea' id='block_1_8' title="bbox 52 2621 1096 3406">
    <p class='ocr_par' dir='ltr' id='par_1_13' title="bbox 198 2621 889 2702">
     <span class='ocr_line' id='line_1_16' title="bbox 198 2621 889 2702; baseline 0.009 -5"><span class='ocrx_word' id='word_1_66' title='bbox 198 2621 322 2698; x_wconf 84' lang='lat' dir='ltr'><strong>Nemo</strong></span> <span class='ocrx_word' id='word_1_67' title='bbox 347 2626 553 2700; x_wconf 72' lang='lat' dir='ltr'><strong>mortalium</strong></span> <span class='ocrx_word' id='word_1_68' title='bbox 571 2641 626 2702; x_wconf 85' lang='lat' dir='ltr'><strong>est</strong></span> <span class='ocrx_word' id='word_1_69' title='bbox 651 2629 745 2702; x_wconf 73' lang='lat' dir='ltr'><strong>felix.</strong></span> <span class='ocrx_word' id='word_1_70' title='bbox 814 2637 818 2648; x_wconf 90' lang='lat'><em>&#39;</em></span> <span class='ocrx_word' id='word_1_71' title='bbox 884 2653 889 2662; x_wconf 92' lang='lat'>·</span> 
     </span>
    </p>

    <p class='ocr_par' dir='ltr' id='par_1_14' title="bbox 196 2721 866 2819">
     <span class='ocr_line' id='line_1_17' title="bbox 196 2721 866 2819; baseline 0.009 -23"><span class='ocrx_word' id='word_1_72' title='bbox 196 2721 374 2797; x_wconf 86' lang='lat' dir='ltr'><strong>Manuum</strong></span> <span class='ocrx_word' id='word_1_73' title='bbox 398 2723 525 2798; x_wconf 87' lang='lat' dir='ltr'><strong>fortior</strong></span> <span class='ocrx_word' id='word_1_74' title='bbox 549 2739 605 2800; x_wconf 85' lang='lat' dir='ltr'><strong>est</strong></span> <span class='ocrx_word' id='word_1_75' title='bbox 629 2729 766 2801; x_wconf 84' lang='lat' dir='ltr'><strong>dextra.</strong></span> <span class='ocrx_word' id='word_1_76' title='bbox 841 2791 866 2819; x_wconf 66' lang='grc'>,</span> 
     </span>
    </p>

    <p class='ocr_par' dir='ltr' id='par_1_15' title="bbox 198 2819 953 2923">
     <span class='ocr_line' id='line_1_18' title="bbox 198 2819 953 2923; baseline 0.005 -32"><span class='ocrx_word' id='word_1_77' title='bbox 198 2819 336 2916; x_wconf 78' lang='lat' dir='ltr'><strong>Optimi</strong></span> <span class='ocrx_word' id='word_1_78' title='bbox 361 2823 566 2896; x_wconf 81' lang='lat' dir='ltr'><strong>mortalium</strong></span> <span class='ocrx_word' id='word_1_79' title='bbox 592 2825 767 2899; x_wconf 84' lang='lat' dir='ltr'><strong>altissima</strong></span> <span class='ocrx_word' id='word_1_80' title='bbox 792 2828 953 2923; x_wconf 84' lang='lat' dir='ltr'><strong>cupiunt.</strong></span> 
     </span>
    </p>

    <p class='ocr_par' dir='ltr' id='par_1_16' title="bbox 166 2917 1096 3025">
     <span class='ocr_line' id='line_1_19' title="bbox 166 2917 1096 3025; baseline 0.006 -35"><span class='ocrx_word' id='word_1_81' title='bbox 166 3013 169 3022; x_wconf 28' lang='grc' dir='ltr'>Ι</span> <span class='ocrx_word' id='word_1_82' title='bbox 197 2917 470 3016; x_wconf 77' lang='lat' dir='ltr'><strong>Theophrastus</strong></span> <span class='ocrx_word' id='word_1_83' title='bbox 494 2921 781 3019; x_wconf 80' lang='lat' dir='ltr'><strong>elegantissimus</strong></span> <span class='ocrx_word' id='word_1_84' title='bbox 800 2923 1096 3025; x_wconf 80' lang='lat' dir='ltr'><strong>philosophorum</strong></span> 
     </span>
    </p>

    <p class='ocr_par' dir='ltr' id='par_1_17' title="bbox 148 3023 361 3088">
     <span class='ocr_line' id='line_1_20' title="bbox 148 3023 361 3088; baseline 0.005 -1"><span class='ocrx_word' id='word_1_85' title='bbox 148 3027 238 3088; x_wconf 84' lang='lat' dir='ltr'><strong>erat.</strong></span> <span class='ocrx_word' id='word_1_86' title='bbox 275 3023 278 3030; x_wconf 85' lang='lat'>&#39;</span> <span class='ocrx_word' id='word_1_87' title='bbox 357 3048 361 3058; x_wconf 96' lang='lat'>·</span> 
     </span>
    </p>

    <p class='ocr_par' dir='ltr' id='par_1_18' title="bbox 52 3113 1095 3312">
     <span class='ocr_line' id='line_1_21' title="bbox 52 3113 972 3214; baseline 0.007 -31"><span class='ocrx_word' id='word_1_88' title='bbox 52 3119 56 3130; x_wconf 91' lang='lat'>&#39;</span> <span class='ocrx_word' id='word_1_89' title='bbox 197 3113 289 3200; x_wconf 83' lang='lat' dir='ltr'><strong>Quis</strong></span> <span class='ocrx_word' id='word_1_90' title='bbox 313 3115 518 3190; x_wconf 85' lang='lat' dir='ltr'><strong>mortalium</strong></span> <span class='ocrx_word' id='word_1_91' title='bbox 543 3140 617 3191; x_wconf 90' lang='lat' dir='ltr'><strong>non</strong></span> <span class='ocrx_word' id='word_1_92' title='bbox 641 3121 789 3194; x_wconf 89' lang='lat' dir='ltr'><strong>omnino</strong></span> <span class='ocrx_word' id='word_1_93' title='bbox 814 3117 972 3214; x_wconf 86' lang='lat' dir='ltr'><strong>peccat?</strong></span> 
     </span>
     <span class='ocr_line' id='line_1_22' title="bbox 195 3209 1095 3312; baseline 0.007 -30"><span class='ocrx_word' id='word_1_94' title='bbox 195 3209 424 3305; x_wconf 85' lang='lat' dir='ltr'><strong>Tarquinius,</strong></span> <span class='ocrx_word' id='word_1_95' title='bbox 434 3283 437 3292; x_wconf 89' lang='grc'><strong>,</strong></span> <span class='ocrx_word' id='word_1_96' title='bbox 448 3237 573 3312; x_wconf 81' lang='lat' dir='ltr'><strong>regum</strong></span> <span class='ocrx_word' id='word_1_97' title='bbox 588 3216 838 3292; x_wconf 87' lang='lat' dir='ltr'><strong>Romanorum</strong></span> <span class='ocrx_word' id='word_1_98' title='bbox 854 3215 1039 3312; x_wconf 71' lang='lat' dir='ltr'><strong>septimuS,</strong></span> <span class='ocrx_word' id='word_1_99' title='bbox 1057 3213 1095 3288; x_wconf 91' lang='lat' dir='ltr'><strong>in</strong></span> 
     </span>
    </p>

    <p class='ocr_par' dir='ltr' id='par_1_19' title="bbox 147 3307 504 3406">
     <span class='ocr_line' id='line_1_23' title="bbox 147 3307 504 3406; baseline 0.011 -26"><span class='ocrx_word' id='word_1_100' title='bbox 147 3307 294 3386; x_wconf 84' lang='lat' dir='ltr'><strong>exilium</strong></span> <span class='ocrx_word' id='word_1_101' title='bbox 319 3313 504 3406; x_wconf 85' lang='lat' dir='ltr'><strong>agebatur.</strong></span> 
     </span>
    </p>
   </div>
   <div class='ocr_carea' id='block_1_9' title="bbox 0 0 1250 4038">
    <p class='ocr_par' dir='ltr' id='par_1_20' title="bbox 0 0 1250 4038">
     <span class='ocr_line' id='line_1_24' title="bbox 0 0 1250 4038; baseline 0 5"><span class='ocrx_word' id='word_1_102' title='bbox 0 0 1250 4038; x_wconf 95' lang='lat' dir='ltr'><strong> </strong></span> 
     </span>
    </p>
   </div>
  </div>
 </body>
</html>
