2472 4038
590 195 637 289 84

557 454 665 512 LAUS.

176 629 273 694 Haud
305 628 433 712 vulgare
463 626 651 690 beneficium
682 637 730 690 est
759 624 792 690 in
821 627 913 692 rebus
947 627 1084 693 honestis

96 715 99 722 '
135 713 363 793 laudari31aus
391 711 473 774 enim
494 711 573 793 parit
595 706 834 787 aemulationem,
855 711 1012 775 aemulatio
1026 713 1084 775 vir-

136 807 244 873 tutem,
258 797 352 858 virtus
367 795 556 858 felicitatem.

107 933 111 940 Α
179 844 299 942 Borium
322 889 369 941 est
393 877 520 951 laudari,
535 876 590 938 sed
604 878 798 957 praestantius
819 888 868 942 est
888 899 956 942 esse
978 877 1085 941 lauda-

136 963 241 1026 bilem
284 961 449 1025 Neminem
463 960 526 1022 citd
541 959 643 1036 lauda,
657 961 812 1023 neminem
826 962 888 1024 cito
903 963 1052 1056 vitupera.

178 1046 328 1126 Teipsum
347 1065 407 1106 nee
422 1042 586 1124 vituperes
600 1065 660 1106 nec
676 1043 802 1106 laudes:
824 1056 986 1126 utrumque
1001 1044 1087 1108 enim

135 1129 337 1192 videturesse
352 1126 548 1189 affectantis
540 1147 663 1222 manem
677 1127 818 1210 gloriam.

179 1211 243 1286 Qui
265 1232 298 1274 se
323 1209 464 1286 laudat,
457 1230 523 1291 ipse
545 1210 591 1272 sui
613 1209 708 1292 ipsius
729 1231 919 1292 praeconem
927 1231 1019 1294 agere
1041 1211 1089 1274 vi·

135 1295 244 1358 detur·
235 1341 244 1374 ‚
265 1293 351 1378 qui
332 1294 402 1358 vero
417 1313 450 1356 se
464 1293 625 1376 vituperat,
640 1293 770 1356 aliomm
784 1293 891 1357 laudes
905 1295 1056 1378 flagitare.

180 1461 253 1525 Non
267 1460 360 1524 refert
383 1471 452 1545 quot
474 1459 616 1525 laudibus
638 1469 670 1524 te
692 1460 865 1538 celebrant·
887 1462 942 1525 sed
966 1459 1088 1548 quales,

137 1567 211 1609 narn
225 1545 264 1608 ab
278 1545 425 1625 improbis
439 1544 556 1606 laudari
570 1543 752 1626 vituperium
767 1555 855 1608 est.

180 1630 265 1692 Laus
279 1649 351 1690 vera
364 1639 411 1691 est
425 1627 479 1690 illa
492 1649 562 1708 quae
577 1648 596 1690 a
610 1627 776 1690 laudato
749 1649 813 1691 vtro
827 1627 1043 1710 proficiscitur.

180 1713 212 1775 N
214 1733 254 1774 on
267 1712 366 1774 minda
380 1711 546 1774 laudatoris
568 1711 752 1794 inspiciendi
777 1722 848 1776 sunt
870 1732 982 1842 mores,
996 1713 1088 1794 qulam

138 1795 204 1880 ejus
219 1815 271 1875 qur
262 1794 437 1858 laudatur.

181 1879 262 1942 Vera
275 1878 370 1940 virtus
383 1897 447 1940 non
460 1888 534 1961 eget
548 1876 639 1941 laude
662 1877 780 1959 aliena;
802 1881 873 1942 cdm
898 1879 966 1962 ipsa
979 1898 1088 1970 secum

138 1961 234 2026 ducat
248 1981 334 2024 suam
348 1961 472 2025 laudem
486 1981 523 2024 ac
538 1962 645 2025 decus.

180 2045 226 2110 Ut
238 2053 399 2108 crescente
413 2043 522 2110 umbrd
544 2045 593 2108 vel
615 2045 828 2140 decrescente,
850 2066 963 2128 eorpus
983 2053 1089 2108 autem

138 2128 223 2192 idem
235 2139 300 2208 est3
321 2127 365 2192 ita
377 2149 437 2193 neo
454 2127 563 2192 melior
577 2139 626 2192 est
639 2129 811 2211 quisquam,
824 2130 898 2193 dum
912 2128 1008 2213 vulgo
1023 2128 1090 2192 lau·

139 2212 247 2277 datur·
237 2258 248 2292 ,
268 2232 328 2278 nec
343 2213 439 2296 pejor,
453 2213 528 2276 dum
541 2212 739 2295 vituperatur.

499 2393 737 2450 GURIOSITAS.

183 2547 277 2612 Multi
290 2559 361 2612 sunt
375 2548 487 2614 curiosi
511 2551 551 2614 ad
575 2545 827 2633 cognoscendam
840 2547 934 2612 vitam
948 2546 1092 2624 alienum,

141 2631 259 2714 pauci
248 2632 377 2694 studiosi
391 2634 431 2695 ad
445 2635 660 2729 corrigendam
674 2653 770 2695 suam.

183 2713 351 2776 Curiositas
379 2713 459 2777 foras
480 2717 646 2798 egreditur,
673 2725 707 2778 et
736 2715 840 2779 omnia
860 2695 995 2780 a‘tudiose
1017 2733 1092 2816 con·

5 2787 9 2812 *
67 2815 69 2818 ·
142 2795 278 2874 siderat3
299 2796 505 2861 internaverd
519 2799 662 2882 negligit

34 3137 37 3140 '
142 3045 463 3214 10Ἃιὲιιοιιιιιριᾰιῐιιε
477 3142 526 3196 est
547 3133 656 3218 ignota
674 3131 896 3217 cognoscendi,
910 3132 1005 3216 qudm
1018 3141 1096 3199 nota
1184 3095 1232 3182 -l

184 2842 297 2942 Alieria
307 2879 426 2942 curiose
441 2893 630 2946 scrutantem
643 2881 767 2984 propria
780 2883 922 2966 ignorare
933 2891 1022 2978 turpe
1035 2891 1093 2944 est.

183 2961 315 3027 Praestat
328 2963 441 3046 sepius
455 2983 528 3030 cum
548 2965 650 3049 seipso
663 2966 755 3047 qudm
776 2986 850 3031 oum
872 2965 1008 3030 extemis
1028 2964 1095 3030 col·

143 3213 410 3363 repllirlirnirlultum
423 3299 551 3363 nocebit
566 3299 643 3362 tibi
636 3309 695 3364 ista
708 3299 835 3364 transire
837 3320 930 3386 ,quae
944 3317 1005 3365 nec
1019 3298 1098 3364 lieet

143 3374 305 3444 scirense
328 3383 462 3465 prodest.
507 3383 668 3466 Quicquid
692 3384 775 3449 enim
797 3407 855 3450 nos
878 3385 1026 3452 meliores
1040 3383 1098 3450 be-
1167 3454 1173 3464 ,
1231 3353 1232 3374 l

143 3457 317 3543 odoresque
331 3465 512 3544 sucturum,
504 3488 537 3532 m
550 3479 658 3550 aperto
672 3469 806 3553 positum
819 3480 877 3536 est.
