2472 4038
592 196 664 270 139

89 405 93 410 ·
150 393 290 456 uuquam,
305 395 360 437 aec
384 373 519 438 devoravi
540 378 693 458 catapotia,
708 397 763 440 nec
787 377 869 440 hausi
891 377 1032 462 potiones.
1076 377 1109 442 Si

145 457 220 539 ‘quid
235 457 360 519 oboritur
373 459 552 536 lassitudinis,
567 461 764 524 moderatione
774 461 876 538 victris,
888 476 937 525 aut
947 463 1110 526 rusticatio·

150 560 189 602 ne
225 541 334 623 ropello
347 543 464 604 malum.

225 643 253 684 tt.
278 623 397 686 Nihilne
411 626 462 686 tibi
475 646 543 687 curn
557 626 679 688 studiis?

197 705 246 767 (tl.
281 705 354 785 Est;
382 729 450 769 nam
477 708 506 768 in
534 709 578 769 his
606 723 650 770 est
678 709 826 792 praecipua
848 711 913 772 vite
937 711 1107 790 oblectati03

149 789 252 852 cerium
274 789 319 851 his
332 790 446 853 oblecto
460 813 518 866 me,
533 813 591 852 non
606 812 731 852 macero.
777 792 929 875 Siquidem
943 795 990 856 vel
1004 795 1041 856 ad
1055 815 1108 856 vo·

149 873 289 956 luptatem
311 874 415 935 studeo
429 875 477 935 vel
492 875 529 935 ad
551 875 701 936 utilitatem
727 874 800 950 vita,
822 897 880 936 non
895 889 994 938 autem
1009 877 1045 938 ad
1061 897 1108 938 os·

149 957 347 1018 tentationem.
393 957 422 1017 A
435 958 501 1018 cibo
523 971 638 1038 sumpto
659 970 708 1018 aut
729 977 833 1038 pascor
854 958 973 1020 literatis
996 959 1107 1036 sabulis,

149 1053 200 1100 aut
213 1039 352 1100 lectorem
369 1040 513 1117 adhibe03
531 1061 723 1121 necunquam
734 1039 870 1102 incumbo
880 1041 958 1102 libris
971 1043 1044 1103 ultra
1054 1041 1108 1104 bc-

148 1143 229 1197 ram3
251 1135 313 1182 tum
335 1143 430 1203 surgo,
453 1136 484 1183 et
508 1121 623 1204 arreptb
640 1123 793 1198 testudine,
808 1123 953 1206 paulisper
966 1125 1106 1186 obambu-

139 1205 211 1266 ¹lans.
244 1205 272 1265 io
301 1205 446 1280 cubiculo,
470 1206 516 1266 vel
541 1206 666 1281 cautillo,
689 1205 736 1266 vel
765 1219 867 1287 repeto
896 1227 1013 1268 mecum
1036 1207 1105 1290 quid

144 1287 267 1370 legerim
281 1309 289 1362 ;
315 1288 381 1348 etsi
403 1288 432 1349 in
448 1303 582 1371 promptu
606 1303 651 1350 est
665 1308 815 1370 congerro,
829 1286 943 1364 refero3
971 1310 1042 1351 mox
1067 1289 1106 1352 ad

144 1371 254 1432 librum
270 1370 366 1432 redeo.

189 1453 252 1515 Eu.
277 1453 336 1515 Dic
351 1453 421 1514 mihi
435 1453 511 1514 hond
525 1453 594 1529 fide,
616 1453 730 1514 nullane
752 1453 840 1516 sentis
861 1453 1106 1518 incommodaae·

146 1537 280 1611 nectutis,
296 1558 360 1619 quae
376 1535 504 1597 seruntur
518 1557 581 1598 esse
596 1535 739 1618 plurima?

191 1619 241 1683 Gt.
266 1619 396 1682 Somnus
420 1619 457 1680 ali
479 1618 566 1680 uantb
590 1619 715 1680 deterior
728 1631 783 1694 est,
797 1639 854 1682 nec
876 1620 995 1703 perinde
1017 1635 1104 1685 tenax

146 1704 284 1767 memoria
298 1703 388 1764 nisisi
402 1640 478 1785 quidl
491 1701 620 1763 infixerc.
664 1700 801 1764 Liberavi
821 1702 910 1765 fidem
929 1724 1036 1781 meam,
1051 1725 1105 1768 ex·

145 1789 226 1872 posui
252 1787 334 1849 vobis
358 1785 485 1868 magicas
509 1797 586 1846 artes
606 1804 701 1859 meas,
727 1785 830 1867 quibus
855 1786 902 1848 alo
919 1787 1103 1871 juventutem

126 1933 128 1944 ,
145 1891 242 1936 meam
254 1892 264 1948 ;
291 1889 369 1932 nunc
382 1867 487 1932 reserat
499 1868 582 1932 nobis
595 1869 659 1951 pari
673 1867 731 1930 lide
751 1866 940 1952 Polygamus,
953 1871 1031 1934 unde
1041 1885 1103 1935 tan·

146 1966 209 2014 tum
223 1952 371 2034 collegerit
384 1951 465 2013 senii.

192 2033 251 2096 Po.
275 2033 422 2116 Equidem
437 2033 506 2095 nihil
519 2034 620 2096 celabo
634 2047 695 2096 tam
708 2033 781 2096 lidos
795 2033 918 2098 sodales.

188 2116 251 2179 Eu.
275 2115 412 2178 Narrabis
427 2117 510 2178 etiam
524 2117 659 2180 tacituris.

187 2198 248 2262 Po.
272 2199 353 2262 Cum
375 2195 493 2282 agerem
514 2199 649 2277 Lutetia,
665 2199 753 2284 qudm
773 2223 833 2264 non
854 2201 1050 2266 abhorruerim
1064 2209 1102 2266 ab

144 2281 285 2366 Epicuro,
299 2282 386 2345 nbstis
400 2283 463 2366 ipsi.
934 2321 936 2328 ι

185 2364 247 2428 Eu.
270 2365 352 2428 ,Sane
367 2366 561 2441 meminimus,
575 2365 628 2428 sed
650 2366 865 2446 arbitrabamur,
879 2382 910 2433 ta
931 2389 1027 2432 mores
1050 2387 1100 2432 em

141 2449 205 2512 unia
218 2471 286 2512 cum
302 2448 500 2511 adolescentiir
512 2448 636 2512 Lutetia
650 2449 825 2514 relicturum.

186 2531 247 2594 Po.
270 2531 321 2594 Ex
336 2531 432 2594 multis
447 2552 520 2615 quas
543 2531 600 2592 illic
621 2531 797 2612 adamdram,
811 2555 899 2598 uuam
918 2555 1035 2599 mecum
1048 2535 1100 2600 ab·

142 2617 217 2678 duxi
232 2616 362 2678 domum.

183 2699 246 2762 Eu.
270 2699 305 2761 ln
321 2699 398 2760 ades
412 2695 567 2782 patemas?

183 2783 241 2846 Po.
265 2782 364 2846 Recta
372 2805 381 2862 3
403 2783 455 2845 sed
470 2781 606 2844 mentitus
616 2797 683 2845 eam
697 2805 763 2846 esse
776 2785 930 2870 conjugem
945 2787 1097 2872 cujusdam

142 2867 226 2930 amici
241 2867 309 2943 mei,
324 2867 373 2949 qui
389 2887 459 2928 mox
474 2879 551 2928 esset
566 2879 717 2930 venturus.
1066 2871 1068 2876 ’

188 2949 240 3012 Gt.
262 2948 298 3011 Id
311 2949 433 3012 credidit
447 2951 553 3032 pater?

185 3031 244 3094 Po.
267 3031 331 3094 lrnd
345 3053 406 3094 rem
420 3033 518 3094 ollecit
531 3032 603 3094 intra
624 3034 817 3117 quatriduum.
861 3035 937 3099 Mox
948 3032 1098 3176 εωνᾛυτ-

143 3118 211 3201 gia3
239 3135 296 3177 nec
319 3130 415 3178 tamea
430 3115 542 3178 interim
556 3116 755 3198 temperabam
779 3119 956 3192 aconviviis,
971 3117 1008 3176 ab
1050 3115 1097 3191 erl,

143 3199 309 3282 caeterisque
324 3200 404 3261 malis
419 3200 535 3261 artibus.
579 3199 662 3271 Quid
686 3202 803 3264 multis?
848 3199 927 3262 Cum
942 3211 1025 3280 pater
1039 3217 1097 3260 non

141 3282 250 3347 faceret
263 3282 431 3366 objurgandi
445 3283 543 3357 linem,
558 3303 666 3364 negans
677 3305 708 3346 se
723 3286 794 3348 tales
806 3283 922 3366 gallinas
931 3281 1006 3342 alere
1022 3281 1096 3344 velle

141 3367 230 3444 domi,
245 3387 281 3429 ac
302 3365 423 3428 subinde
447 3365 585 3430 minitans
603 3367 825 3440 abdicationem,
847 3363 919 3426 verti
942 3363 1045 3444 solum',
1067 3379 1098 3430 et

140 3471 210 3516 cum
233 3448 341 3534 gallina
361 3448 430 3512 med
453 3449 546 3532 gallus
570 3449 627 3514 alib
648 3447 827 3532 demigravi3
852 3466 888 3512 ea
908 3446 977 3512 milri
998 3449 1099 3534 genuit
1157 3524 1159 3528 ¹

140 3533 179 3602 nli
198 3547 250 3598 uot
285 3534 369 3597 ullos.

171 3655 174 3668 ι
214 3639 241 3687 α,
263 3556 353 3686 bide
368 3636 414 3684 res
429 3617 622 3705 suppetebat?
