2492 4038
627 210 690 306 oe.

548 391 553 406 '
637 396 706 452 124.

229 491 378 576 Fugienti
392 492 528 556 occurrit
548 492 594 554 vir
615 492 774 573 quideme
794 512 908 574 genere
928 491 1040 570 Saulis,
1054 513 1142 556 nom·

187 573 238 638 ine
254 577 372 654 Semel,
387 577 440 658 qui
456 576 552 658 coepit
575 575 728 638 Davidem
753 576 880 660 ejusque
902 577 1032 640 comites
1044 577 1141 640 mele·

184 658 282 722 dietis
297 672 331 724 et
345 661 500 742 lapidibus
514 670 673 742 appetere.

228 743 329 812 Quod
343 745 388 806 illi
403 745 529 828 indigne
545 743 677 806 ferentes
699 741 847 806 volebant
867 742 976 805 ulcisci
991 743 1141 827 injuriam,

183 835 218 890 ct
231 829 381 892 maledici
395 827 611 892 conviciatoris
626 837 722 908 eaput
736 839 908 908 amputare.

229 911 276 974 At
304 913 406 976 David
427 934 482 976 eos
504 911 662 974 cohibuit:
694 910 795 987 sinite,
821 911 931 990 inquit,
954 910 1046 974 istum
1066 911 1141 974 mihi

182 995 397 1077 maledicere3
418 996 545 1060 forsitan
567 994 662 1071 Deus,
684 994 731 1056 his
752 1013 823 1075 quae
845 993 946 1076 patior
965 993 1055 1056 melis
1076 995 1143 1076 pla-

182 1090 287 1156 catus,
301 1081 363 1144 mei
377 1080 581 1154 miserebitur,
596 1089 629 1142 et
639 1099 704 1140 rem
719 1077 863 1140 afflictam
877 1077 1027 1141 restituet.

164 1212 167 1233 ,,
237 1163 460 1227 Incredibilem
494 1163 577 1246 regis
611 1162 792 1245 patientiam
834 1161 976 1224 admirati
1010 1162 1141 1227 comites

183 1246 277 1310 dicto
290 1249 372 1330 egre
387 1259 565 1331 paruerunt.
634 1303 645 1330 Ι

633 1369 704 1426 125.

232 1463 383 1541 Absalon,
411 1465 551 1548 profecto
573 1475 670 1547 patre,
707 1465 862 1547 ingressus
891 1475 939 1528 est
962 1465 1141 1548 Hierosoly-

183 1567 285 1625 mam,
313 1548 419 1630 ibique
450 1548 630 1630 aliquandiu
651 1559 788 1612 moratus
809 1560 866 1625 est,
888 1570 958 1630 quae
980 1569 1029 1612 res
1050 1550 1139 1612 saluti

185 1633 248 1695 fuit
262 1632 393 1712 Davidi3
413 1654 486 1696 nem
508 1632 630 1696 interim
650 1632 752 1695 David
766 1631 896 1716 collegit
915 1633 1031 1716 copias,
1046 1653 1141 1715 seque

186 1718 230 1780 ad
244 1715 362 1780 bellum
377 1717 578 1798 comparavit.
1166 1790 1172 1798 Ι

231 1800 301 1863 Jam
324 1801 433 1864 aderet
446 1800 586 1863 Absalon
600 1820 673 1862 cum
694 1799 843 1878 exercitu,
858 1811 890 1864 et
905 1801 1046 1884 praelium
1069 1823 1142 1865 mox

186 1895 255 1980 erat
268 1884 543 1964 committendum3
564 1893 726 1948 suaserunt
747 1885 812 1968 regi
834 1885 881 1948 sui
903 1885 1034 1950 comites
1052 1896 1088 1948 ut
1101 1907 1141 1950 ne

189 1978 353 2031 interesset
366 1969 538 2032 certamini.

233 2053 433 2134 Quapropter
446 2052 547 2116 David
565 2051 698 2116 Joabum
719 2053 782 2116 suis
803 2053 904 2136 copiis
928 2053 1080 2136 proel'ecit,
1094 2075 1142 2117 se-

189 2156 251 2218 que
265 2136 297 2199 in
313 2136 421 2198 urbem
435 2136 568 2199 vicinam
583 2136 726 2199 contulit.

231 2219 350 2284 Abiens
378 2231 482 2284 autem
504 2221 655 2303 precepit
679 2221 779 2284 Joabo
803 2218 987 2302 caeterisque
1009 2219 1141 2283 ducibus

129 2363 139 2376 ,
188 2315 223 2368 ut
237 2304 388 2368 Absaloni
410 2314 583 2387 parcerent,
605 2305 727 2386 sibique
750 2305 848 2368 filimn
869 2305 1058 2368 incolumem
1080 2324 1128 2366 ser

189 2398 305 2452 varent.

640 2512 711 2571 126.

234 2609 357 2674 Acriter
380 2611 552 2692 pugnatum
574 2620 622 2673 est
646 2609 811 2691 utrinquc3
832 2609 896 2686 sed,
918 2607 987 2672 Dco
1008 2607 1140 2688 favente,

137 2761 140 2766 ,
191 2693 320 2757 victoria
334 2713 431 2776 penes
445 2693 596 2756 Davidem
611 2693 678 2756 fuit.

231 2778 336 2860 Terga
350 2788 507 2840 verterunt
531 2777 697 2841 Absalonis
721 2778 877 2856 milites,e
899 2781 1011 2862 quibus
1032 2778 1140 2862 viginti

139 2920 144 2926 .
189 2860 570 2923 duomilliaceciderunt.

233 2945 372 3006 Absalon
401 2944 522 3026 fugiens
546 2945 631 3006 mulo
655 2944 826 3027 insidebat;
850 2960 917 3012 erat
938 2959 1043 3011 autem
1071 2965 1141 3026 pro-
1205 2945 1207 2950 ’

189 3027 283 3088 misso
297 3037 329 3088 et
342 3027 439 3089 denso
454 3027 588 3109 capillo:

232 3109 316 3186 Dum
330 3111 482 3192 praecipiti
496 3131 589 3172 cursu
603 3111 698 3174 fertur
713 3113 818 3176 subter
837 3115 967 3177 densam
981 3129 1140 3190 quercum,

190 3214 282 3256 coma
305 3191 372 3275 ejus
395 3193 554 3275 implicata
574 3205 624 3256 est
645 3196 745 3273 ramis,
767 3208 799 3258 et
821 3198 887 3279 ipse
909 3213 1072 3275 suspensus
1087 3195 1140 3257 ad-

189 3277 289 3354 haesit,
304 3275 390 3338 mulo
404 3275 526 3339 interim
540 3289 757 3359 praetereunte,
772 3292 805 3342 et
819 3299 944 3342 cursum
958 3289 1118 3360 pergente.

635 3397 704 3453 127.

235 3492 317 3555 Vidit
331 3491 456 3572 quidam
471 3491 660 3573 pendentem
683 3489 883 3566 Absalon'em,
898 3510 956 3554 nec
980 3513 1071 3556 ausus
1093 3505 1141 3558 est
