2492 4038
566 237 616 308 n
714 223 717 228 ,

164 416 285 482 Pudore
300 417 420 495 amisso,
435 416 534 480 omnis
548 417 642 480 virtus
656 414 725 480 mit.

165 499 239 564 Sole
254 501 382 579 oriente,
393 500 516 586 fugiunt
529 501 677 568 tenebrae.

165 583 273 648 Otium
282 585 386 649 omnin
398 585 482 648 mala
494 585 588 648 docet
602 582 826 646 adolescentes.

136 739 141 752 Ι
165 667 248 731 Dum
263 668 361 733 vitant
375 669 460 734 stulti
474 668 558 744 vitis,
572 667 605 731 in
619 666 774 730 contrarie
787 671 923 728 currunt.

165 834 284 898 Codrus
298 857 355 919 pro
369 836 467 918 patriai
479 847 617 900 mortuus
630 844 688 897 est.

166 918 267 982 Deum
281 921 477 1004 agnoscimus
491 941 529 982 ex
543 918 688 1002 operibus
702 917 778 1000 ejus.

165 1001 266 1065 Video
279 1004 408 1084 meliora
420 1005 590 1086 proboque,
604 1001 758 1065 deteriora
771 1017 892 1080 sequor.

167 1085 222 1148 Sol
237 1087 269 1150 in
281 1089 385 1151 medii
397 1087 503 1150 mundi
518 1089 591 1150 sede
606 1085 735 1148 locatur.

166 1168 240 1232 Fert
253 1170 412 1234 Britannia
425 1192 532 1234 aurum
548 1181 581 1233 et
594 1179 766 1251 argentum.

166 1251 363 1336 Reipublicae
378 1255 455 1318 nihil
469 1255 536 1337 spei
550 1253 701 1334 reliquum
716 1261 773 1314 est.

167 1334 264 1404 Quod
278 1340 400 1420 assequi
414 1359 477 1402 non
491 1348 602 1420 potest,
617 1336 703 1416 sequi
717 1333 839 1398 desinit.

167 1419 294 1484 Desidie
307 1443 419 1506 corpus
433 1423 613 1504 aunnusque
628 1419 862 1501 *corrinnpitun

168 1587 292 1651 Nobilis
305 1609 403 1672 equus
417 1589 525 1653 umbre
538 1589 633 1672 virgeo
648 1607 771 1670 quoque
785 1587 902 1668 regitur
914 1609 924 1664 ς

168 1670 301 1754 Ign'avus
315 1691 355 1736 ne
370 1673 485 1737 calceri
499 1673 624 1754 quidem
638 1670 788 1734 concitari
802 1680 914 1752 potest.

168 1753 262 1817 Ferro
275 1752 423 1838 geruntur
437 1755 530 1831 belle,
544 1776 607 1818 non
621 1775 707 1818 auro.

168 1837 283 1900 Omnie
296 1839 437 1902 breviora
450 1840 470 1877 ⁴*
480 1839 590 1902 reddet
604 1839 690 1915 ordo,
704 1846 737 1900 et
749 1837 870 1910 modus.

168 1920 318 2004 Agricola
331 1922 457 1986 incurvo
470 1932 581 1986 terram
595 1921 724 1985 dimovit
737 1931 848 1986 aratro.

168 2003 369 2070 Incolumites
382 2016 415 2070 et
428 2007 525 2070 decus
539 2006 650 2070 eodem
663 2005 733 2072 loco
747 2005 806 2069 sita
818 2015 900 2070 sunt.

167 2087 279 2152 Omnis
292 2090 386 2152 virtus
400 2091 432 2154 in
446 2090 570 2154 actione
583 2089 735 2154 consistit.

170 2171 258 2241 Quid
272 2173 372 2238 verbis
386 2195 464 2259 opus
478 2174 549 2238 est?
571 2173 756 2258 spectemur
770 2173 902 2257 egendo.

169 2339 357 2406 Reluctnnte
371 2342 490 2420 nature,
505 2343 606 2407 irritus
620 2341 708 2405 lebor
721 2350 779 2404 est.

103 2487 105 2492 .
121 2475 123 2479 -
170 2423 208 2487 In
222 2424 296 2510 suga
309 2426 440 2492 salutem
454 2445 586 2510 sperare,
600 2425 758 2489 dementia
771 2433 828 2488 est.

171 2508 339 2592 Nunquam
353 2511 522 2576 eminentie
534 2509 650 2573 invidit
663 2517 782 2572 carent.

170 2591 294 2736 {gnavis
308 2595 454 2675 precibus
468 2594 592 2658 fortuna
604 2601 768 2676 repugnat.
1093 2669 1096 2682 Ι

59 2673 61 2682 ’
204 2675 323 2737 omines
337 2677 469 2758 amplius
482 2677 581 2740 oculis
595 2678 687 2756 quim
701 2674 825 2737 auribus
839 2675 979 2740 credunt.
1094 2702 1097 2708 ¹

172 2757 245 2820 Non
259 2767 308 2821 est
320 2769 440 2822 rectum
452 2759 563 2822 minori
578 2778 685 2840 parere
698 2757 857 2853 majorem.
1094 2775 1097 2783 ¹

173 2840 304 2905 Praestet
317 2843 433 2905 nemini
447 2841 596 2924 imperare
611 2841 704 2923 qudm
718 2841 813 2904 alicui
827 2841 949 2922 servire.

173 2925 311 3010 Insignis
323 2926 442 2990 virtutis
455 2925 544 2989 multi
558 2925 624 2990 sine
638 2927 749 2989 virtute
764 2925 899 2988 assecuti
911 2935 994 2990 sunt.

132 3093 230 3240 ¹³⁰3ss
242 3113 326 3178 saepe
340 3093 475 3158 scintilla
488 3103 669 3178 contempta
680 3112 829 3177 magnum
842 3091 960 3160 excitet
972 3092 1080 3160 ineen-

133 3197 332 3344 mulslim,
345 3261 419 3325 clim
432 3260 465 3324 in
477 3261 648 3345 geometris
661 3261 805 3344 quaedam
818 3261 890 3326 novi
904 3259 1080 3339 invenisset,

175 3345 270 3407 musis
284 3345 395 3408 bovem
409 3343 581 3409 immollsse
595 3346 718 3410 dicitur.

164 3477 178 3502 ⁶
189 3473 316 3549 'l'hevorb
334 3478 395 3528 here
412 3494 501 3544 agrees
518 3478 732 3530 withoneol'tlre
748 3478 984 3541 substantivantur
1003 3477 1083 3530 ison
1191 3473 1207 3508 ²

42 3563 44 3567 ·
87 3607 91 3614 υ
134 3538 248 3587 derstood
258 3539 320 3590 wrtlr
328 3542 615 3605 respeettotheothcrs.
