2492 4038
533 173 598 298 ‘aa
675 291 683 302 .

138 395 196 458 Cui
222 415 297 478 aper
318 397 487 478 respondit,
512 397 571 460 sibi
593 395 765 478 periculum
787 398 812 460 si
835 395 911 460 forte
933 397 1051 460 adeun·
1103 383 1105 390 ¹

96 479 169 541 dum
190 479 239 556 sit,
253 501 316 542 non
331 481 428 543 otium
443 491 509 544 tum
523 481 656 543 futurum
671 479 719 542 'ad
741 483 899 552 acuendos
919 481 1050 544 dentes:

96 583 172 645 ergo
196 584 229 626 se
254 565 349 640 recte,
375 565 449 626 dum
473 565 669 642 concedatur,
684 575 816 647 tempus,
840 566 881 628 ad
904 574 1049 628 eventmn

95 667 210 730 pugnae
224 668 409 730 praeparare.

525 867 619 922 NUX.

138 953 220 1030 Nux,
248 955 419 1022 secundum
440 953 521 1016 viam
543 965 619 1031 sata,
642 954 807 1038 plurimum
829 957 948 1020 ferebat
970 956 1049 1018 fruc-

97 1037 165 1100 tas:
186 1039 257 1100 crim
272 1048 375 1101 autem
389 1059 409 1100 a
423 1038 540 1121 populo
554 1049 759 1120 praetereunte
775 1041 854 1102 saxis
870 1050 903 1102 et
917 1041 1049 1104 fustibus

95 1122 304 1202 impeteretur,
319 1132 354 1184 ut
368 1121 535 1205 juglandes
548 1123 730 1194 decidentes
744 1137 924 1206 carperent3
938 1125 992 1187 Me
1004 1125 1050 1186 in-

96 1205 229 1282 felicem,
244 1206 451 1283 exclamabat,
467 1207 519 1268 eui
540 1207 656 1288 gratias
679 1218 742 1270 tam
763 1210 893 1271 acerbas
914 1208 1049 1272 referunt

95 1289 137 1352 ob
153 1289 269 1353 ductus
281 1291 437 1375 jucundos
451 1311 527 1372 quos
543 1311 581 1354 ex
594 1313 644 1354 me
660 1293 846 1376 percipiunt.

555 1430 585 1488 6.

367 1525 510 1582 ASINUS
541 1527 594 1580 ΕΤ
625 1527 787 1582 CICADAE.

138 1627 262 1704 Asinus,
277 1629 348 1690 crim
362 1626 489 1708 cicadas
511 1637 660 1690 canentes
679 1627 854 1704 audivisset,
869 1638 901 1691 et
915 1647 1051 1690 concen-

96 1711 144 1774 tds
159 1711 341 1774 suavitatem
354 1705 481 1773 miratus
496 1721 588 1785 esset,
600 1710 811 1793 interrogabat
825 1733 888 1789 eas,
897 1711 973 1794 Quo
987 1711 1051 1773 vic-

95 1806 129 1856 tu
150 1804 318 1870 uterentur,
332 1805 367 1856 ut
381 1815 490 1857 vocem
512 1794 589 1856 aded
611 1794 738 1856 dulcem
759 1793 938 1877 claramque
961 1795 1051 1858 emit·

95 1887 211 1940 terent..
264 1878 404 1958 Cquue
441 1878 503 1940 illae
536 1877 769 1959 responderent,
791 1901 824 1943 se
848 1901 916 1943 rore
945 1879 1051 1958 vesci3

95 1963 208 2108 psinus,
223 1962 297 2024 dum
312 1960 443 2039 aberrat,
458 1972 629 2044 expectans
643 1983 743 2026 rorem
769 1964 822 2045 qui
846 1963 991 2027 noctibus
1007 1963 1051 2039 fit,

108 2067 176 2110 ame
192 2045 317 2111 interiit.

560 2171 589 2226 7.

311 2233 467 2338 cuncus
500 2285 550 2338 ET
580 2285 716 2340 MATER
744 2283 842 2341 EJUS.

139 2383 253 2447 Cancri
275 2395 373 2447 mater
394 2383 521 2467 parvulo
545 2405 601 2447 suu
630 2384 780 2464 dicebat3
814 2384 862 2447 Mi
890 2392 973 2460 nate,
996 2403 1053 2446 eur

97 2469 241 2549 obliquos
255 2469 412 2549 intorques
434 2489 566 2550 gressus,
589 2470 661 2532 clun
676 2469 762 2532 rectb
776 2469 921 2532 incedere
936 2467 1054 2531 debes?

6 2585 7 2588 ¹
97 2553 235 2628 Faciam,
258 2553 359 2634 inquit
382 2553 446 2628 ille,
468 2574 539 2615 mea
557 2565 666 2630 mater,
682 2554 706 2614 si
729 2564 760 2616 te
782 2547 865 2616 idein
887 2551 1054 2614 facientem

6 2653 7 2714 j
98 2638 180 2718 priris
210 2637 325 2698 videro.
384 2637 443 2698 Illa
465 2648 570 2702 autem
601 2637 710 2702 frustra
741 2637 774 2698 id
810 2647 954 2712 conante,
987 2635 1054 2718 ejus

6 2747 8 2800 ζ
99 2719 265 2782 amentiam
280 2719 487 2802 redarguebat
503 2721 593 2783 filius.

6 2879 9 2914 ιι
565 2867 595 2924 8.

6 2989 10 3098 p
379 2981 496 3035 CANIS
526 2981 569 3036 IN
599 2979 781 3038 Pansam.

143 3088 301 3152 Frendens
316 3087 403 3150 canis
416 3088 571 3165 dentibus,
587 3099 619 3152 et
640 3088 785 3151 allatrans
810 3086 842 3150 in
867 3085 999 3170 praesepi
1011 3085 1057 3169 ja·

102 3173 205 3248 cebat,
220 3195 239 3236 a
253 3194 316 3256 quo
337 3171 409 3253 equi
432 3172 626 3235 terrebantur
640 3169 743 3253 neque
760 3171 1002 3234 admittebantur
1017 3169 1058 3230 ad

102 3255 321 3416 pssplpssnm,
350 3307 481 3410 Quanta
503 3340 571 3417 ista,
596 3339 706 3422 inquit,
727 3339 844 3403 invidia
865 3349 925 3416 est,
944 3349 974 3404 te
996 3359 1059 3402 non

6 3395 19 3529 l
103 3421 218 3514 patinut
232 3443 270 3484 eo
285 3425 359 3492 cibo
383 3447 554 3503 vescamur,
569 3447 662 3507 quem
683 3443 797 3509 came
819 3446 878 3490 nec
900 3422 977 3488 velis
999 3439 1059 3486 nee

6 3529 8 3538 ·
105 3523 212 3585 possis.

6 3547 13 3783 ἰ
