2492 4038
609 259 658 332 59

195 439 307 522 Itaque
338 441 492 505 adductus
520 451 570 504 est
602 443 642 505 ad
675 409 809 519 Salilem,
831 442 894 524 qui,
917 439 1113 506 considerati

155 525 221 608 ejus
237 536 340 604 aetate,
355 527 518 590 diffidebat
532 547 659 611 pugnae.

196 610 270 673 Non
283 610 421 694 poteris,
436 612 546 693 inquit,
561 610 812 676 adolescentulus
833 631 906 673 cum
919 611 984 674 viro
1004 610 1112 676 robus-
1226 617 1227 634 ³

154 694 273 758 tissime
287 717 438 780 pugnare.

121 805 124 812 ⁴
196 779 372 862 Respondit
393 781 515 844 David:
536 800 575 844 ne
595 781 714 856 timeas,
729 801 748 841 ο
762 801 826 858 rex,
842 801 938 862 quum
953 799 1113 862 pascerem

34 891 37 898 ’
153 883 227 926 oves
252 866 347 947 patris
377 867 448 943 mei,
475 866 525 928 leo
548 865 658 927 invasit
678 885 819 950 gregem,
840 885 994 946 ovemque
1019 864 1114 926 corri-

32 3570 42 3665 ι
61 3619 67 3632 .

153 949 239 1030 puit3
261 972 322 1034 ego
341 951 435 1046 ‘illum
457 962 637 1032 persecutus
656 950 770 1027 occidi,
785 961 817 1012 et
831 971 921 1013 ovem
936 971 954 1012 e
971 948 1114 1011 saucibus

116 1039 122 1044 “
152 1031 235 1096 illius
250 1037 360 1117 eripui.

196 1118 310 1182 Ursum
325 1121 439 1202 pariter
461 1119 616 1182 interfeci,
657 1118 753 1196 Deus,
778 1119 830 1200 qui
855 1141 905 1182 me
930 1115 1113 1182 defendite

151 1199 246 1266 leone
261 1215 295 1266 et
309 1226 390 1280 urso,
405 1226 454 1267 me
470 1226 593 1287 quoque
609 1227 629 1267 a
642 1203 801 1267 Philistaeo
816 1204 874 1267 isto
888 1202 1047 1266 desendet.

163 1290 170 1296 “
196 1287 282 1349 Τιιιιι
307 1287 402 1351 Saiil:
424 1290 485 1366 abi,
507 1289 617 1372 inquit,
639 1311 713 1352 curn
734 1289 792 1352 ista
817 1289 951 1369 fiducie,
973 1287 1059 1352 Deus
1081 1301 1112 1350 te

152 1370 292 1455 adjuvet

586 1481 670 1538 ιιι.

195 1594 272 1660 Saul
304 1595 372 1678 ipse
395 1617 450 1660 sua
468 1595 575 1682 juveni
608 1616 694 1660 arma
725 1595 823 1660 voluit
852 1593 1113 1659 accommodare:

154 1678 276 1762 galeam
290 1682 385 1763 capiti
400 1682 467 1766 ejus
489 1681 646 1767 imposuit,
662 1679 759 1745 lorica
782 1692 893 1764 pectus
907 1679 1112 1758 circumterit,

155 1763 234 1827 latus
248 1765 355 1849 gladio
369 1766 516 1830 accinxit.

197 1851 299 1914 David
326 1853 398 1915 verb
419 1851 457 1914 iis
487 1849 655 1934 impeditus
686 1851 787 1930 armis,
820 1851 933 1935 quibus
960 1859 1113 1915 uenerat

155 1947 304 2012 assuetuS,
318 1936 367 1998 vix
381 1947 503 2018 poterat
516 1936 674 2000 incedere.
947 1961 950 1970 ¹

198 2021 307 2089 Quare
330 2041 408 2082 onus
429 2021 662 2085 incommodum
675 2023 841 2105 deposuit3
863 2019 994 2103 sumpsit
1008 2029 1114 2084 autem

153 2105 270 2186 pedum
291 2105 455 2185 pastorale,
470 2126 532 2188 quo
547 2105 591 2169 uti
606 2118 819 2185 consueverat,
833 2117 866 2170 et
891 2105 1019 2169 fundam
1041 2125 1114 2168 cum

154 2188 291 2270 quinque
315 2189 470 2272 lapidibus
492 2191 525 2254 in
546 2192 685 2256 sacculo.
730 2191 786 2255 Sic
808 2201 944 2256 armatus
968 2192 1114 2254 adversus

153 2272 347 2338 Philistaeum
361 2275 522 2358 processit.
608 2275 612 2285 ’

568 2390 571 2396 ’
601 2405 673 2461 rra.

197 2501 384 2565 Accedebat
407 2523 447 2565 ex
471 2503 601 2564 adverso
622 2501 797 2579 Goliathus,
820 2501 883 2584 qui,
903 2499 969 2564 viso
993 2499 1113 2566 adoles·

152 2597 247 2650 cente
255 2610 269 2648 ι
297 2607 383 2664 num,
415 2587 526 2668 inquit,
558 2607 608 2651 me
631 2607 743 2658 canem
769 2609 837 2652 esse
859 2595 959 2672 putas,
981 2587 1034 2672 qui
1061 2610 1112 2654 me

154 2691 228 2734 cum
242 2672 358 2736 baculo
373 2671 589 2756 aggrediaris?

77 2825 79 2829 ,
107 2804 108 2807 ,
163 2767 173 2776 “
197 2757 255 2819 Cui
278 2757 379 2820 David
403 2757 585 2841 respondit;
613 2767 648 2822 tu
669 2759 756 2822 venis
779 2757 819 2822 ad
840 2779 890 2821 me
913 2778 985 2822 cum
1006 2757 1114 2842 gladio

152 2849 186 2903 et
200 2840 286 2905 hasta
300 2853 333 2906 et
347 2841 460 2925 clypeo
472 2866 482 2922 ;
504 2863 565 2926 ego
589 2855 694 2907 autem
718 2845 810 2908 venio
822 2843 854 2906 in
869 2844 993 2907 nomin'e
1016 2843 1114 2905 Dom-

56 2969 59 2974 -
153 2925 197 2988 ini
211 2927 413 3004 exercituum,
429 2949 523 3009 quem
538 2928 659 3010 probris
673 2950 765 2992 ausus
778 2951 813 2992 es
827 2929 991 2992 lacessere.

164 3037 166 3040 ·
196 3011 301 3086 Tunc,
315 3011 409 3074 misso
423 3011 519 3075 sundal
540 3013 655 3095 lapide,
669 3014 859 3078 Philistaeum
874 3013 906 3077 in
921 3014 1022 3076 fronte
1044 3027 1114 3102 per:

153 3095 262 3170 cussit,
291 3105 324 3181 et
351 3095 436 3159 humi
467 3099 641 3179 prostravit,
664 3119 852 3181 currensque
883 3117 982 3170 suum⁴
994 3093 1113 3176 jacenti

152 3180 294 3266 gladium
308 3179 450 3257 detraxit,
465 3201 528 3263 quo
541 3195 638 3265 caput
651 3183 697 3246 illi
712 3181 865 3266 p'raeeidit.
1116 3250 1118 3254 ,

197 3265 243 3328 Ee
265 3285 299 3327 re
321 3264 457 3346 perculsi
488 3267 638 3334 Philistaet
667 3269 699 3332 in
729 3269 836 3354 fugam
865 3262 945 3328 versi
976 3269 1059 3340 sunt,
1080 3271 1114 3328 et

154 3350 316 3416 victoriam
330 3347 477 3414 Hebraeis
491 3364 724 3425 concesserunt.

598 3485 669 3542 114.

195 3581 354 3649 Redeunti
379 3581 492 3648 Devidi
513 3583 638 3648 obviem
656 3564 735 3646 itum
755 3589 813 3643 est.
857 3577 987 3648 Hebraei
1009 3588 1114 3660 gratu-
