2472 4038
585 228 655 302 tea
735 304 738 316 ‚

139 407 271 494 sanant.
316 409 414 474 Docet
429 395 507 474 enirn
521 408 641 486 Paulus,
655 430 706 474 eos
728 430 800 512 quos
815 409 922 474 afflavit
944 409 1102 476 christiana

138 495 260 558 charitas
289 517 347 558 non
372 515 436 556 esse
460 493 515 576 legi
540 495 690 569 obnoxios,
712 515 750 555 eo
775 495 851 576 quod
874 496 939 578 plus
961 511 1101 578 praestant

137 577 192 640 suit
212 594 239 640 te
255 601 269 640 s
310 594 358 641 nte
373 578 459 661 quam
475 578 522 638 lex
537 592 615 638 metu
632 598 725 658 poenae
741 579 828 659 possit
841 594 1025 662 extorquere.

180 601 236 724 dh.
259 601 402 737 ditatus,
417 661 526 722 Judaeis
540 660 828 736 obmurmurantibus,
840 662 919 744 qudd
940 684 1009 726 curn
1025 664 1101 746 pub-

137 745 235 808 licanis
250 760 279 807 et
293 745 491 828 peccatoribus
505 744 624 804 haberet
638 743 726 804 etiam
739 765 846 805 mensae
866 743 1099 823 familiaritatem,

137 829 294 925 respondit,
309 828 382 892 Non
397 849 456 890 esec
469 847 541 908 opns
557 826 665 888 medico
684 826 721 888 iia
735 827 788 910 qni
801 829 875 890 recte*
889 828 1030 905 calerent,
1045 831 1101 892 sed

137 933 190 996 qut
203 912 296 974 manile
310 921 402 974 carent
410 912 555 993 prosperii
571 909 744 972 valetudine.
789 910 859 972 Non
881 913 1015 974 abhorret
1028 915 1100 976 hinc

158 995 216 1056 uod
230 996 307 1077 apud
322 994 508 1056 Plutarchum
523 993 595 1054 dixit
620 993 762 1068 Phocion,
778 993 826 1076 qui
846 1016 916 1056 curn
937 997 1099 1078 reprehen-

136 1017 251 1138 deretur
262 1077 339 1173 quod
352 1077 458 1138 homini
471 1076 604 1138 illaudato
615 1077 803 1160 improboque
812 1078 1005 1158 patrocinatus
1019 1094 1100 1142 esset

135 1159 164 1222 in
184 1159 375 1244 judicronou
399 1159 494 1221 minirs
517 1159 654 1220 festiviter
668 1159 755 1242 quarn
778 1161 946 1236 clementer,
967 1161 1097 1246 Quidni,

134 1243 235 1326 inquit,
271 1243 369 1305 nando
383 1264 464 1305 recuro
473 1241 585 1325 probru
599 1241 715 1325 indiget
729 1241 785 1304 toli
793 1243 972 1326 patrocinio.

181 1326 238 1410 Gy.
291 1342 302 1388 t
317 1327 395 1400 istud,
406 1327 566 1388 christianae
581 1326 712 1387 bonitatis
726 1327 897 1408 exemplum
911 1343 964 1403 est,
980 1329 1016 1389 ad
1041 1350 1098 1390 ex-

134 1411 264 1492 emplum
279 1410 374 1472 eterni
389 1410 485 1493 patris,
500 1423 529 1471 et
543 1409 640 1490 probis
658 1423 687 1470 et
707 1409 845 1491 improbis
867 1425 1006 1492 quantum
1026 1412 1098 1474 licet

134 1491 315 1568 benefacere,
330 1493 379 1577 qui
392 1494 484 1556 solem
500 1513 584 1554 suum
598 1492 664 1553 oriri
673 1491 766 1587 jubet,
780 1513 839 1554 non
853 1494 947 1556 solirm
962 1495 1024 1576 piis,
1039 1495 1097 1556 sed

134 1576 221 1638 etiam
244 1578 346 1660 impiis
408 1575 521 1638 Verdm
544 1575 734 1636 admirabilius
759 1574 873 1638 forsitan
897 1577 952 1639 erit
972 1578 1001 1638 in
1024 1599 1097 1660 rege

133 1659 336 1722 moderationis
346 1661 525 1742 exemplum.
569 1657 648 1720 Cum
659 1658 870 1734 Demochares,
885 1659 1096 1722 Demosthenis

132 1762 234 1824 nepos,
259 1743 479 1804 Atheniensium
503 1742 618 1803 nomine
647 1740 787 1821 legatione
816 1741 984 1824 fungeretur
1014 1745 1095 1826 apud

133 1821 301 1906 Philippum
322 1824 520 1886 Macedonum
542 1845 651 1906 regem,
667 1837 697 1886 et
721 1823 880 1906 impetratis
903 1847 966 1909 quae
980 1827 1097 1890 volebat

133 1927 231 1989 arege
247 1907 445 1982 dimitteretur,
460 1907 622 1968 humaniter
636 1907 829 1989 interrogante
851 1907 876 1969 si
900 1909 969 1992 quid
991 1925 1095 1993 praete·

132 2010 183 2052 rea
210 1990 314 2068 vellet3
353 1987 394 2052 Ut
422 1988 546 2073 teipsum
572 1989 740 2072 suspendor,
763 1990 853 2074 inquit
880 1991 1093 2056 Demochares.

131 2071 202 2136 Vox
215 2072 358 2157 impotens
371 2072 470 2136 odium
491 2074 648 2156 arguebat5
669 2094 723 2135 rex
745 2088 815 2150 erat,
830 2087 859 2136 et
873 2075 948 2137 bene
962 2076 1093 2154 meritus,

132 2156 161 2219 in
183 2178 271 2241 quem
280 2157 440 2240 jaciebatur
460 2157 642 2219 convicium:
663 2178 718 2220 nec
733 2170 830 2219 tamen
844 2157 1008 2235 incanduit3
1029 2174 1095 2222 tan-
1130 2168 1132 2172 ’

131 2240 194 2304 tltm
216 2241 253 2303 ad
277 2241 402 2323 collegas
424 2260 589 2317 conversus,
616 2239 688 2316 Vos,
711 2239 810 2323 iuquit,
835 2239 897 2302 haec
921 2242 1093 2305 renunciate

133 2321 248 2421 popolo
261 2322 447 2399 Atheniensi,
462 2325 520 2406 qud
534 2344 565 2384 re
580 2322 699 2407 cogniti
713 2322 830 2408 judicet
850 2334 948 2386 utnun
962 2326 1094 2388 nortrtim

131 2406 520 2504 cantinetproertuntiorem,
531 2427 585 2483 me,
596 2406 650 2490 qui
659 2405 876 2490 impatienter
886 2408 1039 2484 andierr'm,
1050 2431 1093 2472 on

130 2489 216 2553 iatum
231 2513 283 2574 qut
297 2490 359 2553 hnc
372 2489 458 2553 dixit.
501 2488 560 2552 Ubi
574 2511 651 2552 nunc
669 2505 734 2552 sunt
755 2489 831 2552 orbis
852 2493 1025 2568 monarcha,
1041 2493 1092 2576 qui

130 2593 163 2635 se
186 2573 239 2634 dis
264 2583 349 2655 pares
371 2587 481 2656 putant,
504 2587 534 2635 et
556 2574 594 2636 ob
619 2575 740 2636 verbum
754 2574 829 2636 inter
850 2576 958 2657 pocula
979 2575 1091 2638 dictum

129 2655 235 2717 atrocia
249 2656 325 2716 bella
337 2657 503 2718 concitant?

170 2735 230 2798 Hi.
253 2736 377 2818 Magnos
391 2739 515 2821 impetus
529 2737 615 2800 habet
630 2739 725 2820 glorie
740 2739 807 2816 sitis,
822 2740 988 2823 multosque·
998 2753 1090 2804 trans·

128 2841 225 2883 versos
240 2819 298 2902 agit
308 2819 356 2882 hic
367 2820 496 2883 affectus.
541 2819 592 2882 Ex
606 2843 707 2884 eurum
722 2843 844 2885 numero
874 2823 973 2888 uidam
983 2823 1090 2887 Socra·

129 2918 187 2968 tem
201 2903 402 2986 interrogabat,
417 2903 476 2988 qud
490 2903 538 2966 via
551 2905 603 2966 sibi
617 2919 714 2988 posset
726 2845 902 2988 compendio
923 2907 1089 2970 honestissi-

127 3009 206 3050 mam
233 3007 402 3069 comparare
430 2987 548 3065 famam,
582 2987 620 3050 Si
652 2987 748 3066 talem,
784 2988 884 3073 inquit,
910 2989 1089 3074 prestiteris

127 3071 250 3156 teipsum
283 3067 541 3134 manutertiis.
1056 3105 1059 3111 ¹

168 3153 221 3217 Ja.
305 3152 383 3216 feotd
396 3174 453 3216 non
467 3155 554 3218 video
569 3155 637 3242 quid
654 3155 710 3219 dici
733 3157 822 3240 possit
842 3155 890 3220 vel
911 3157 1025 3220 brevius
1040 3157 1087 3220 vel

126 3237 291 3300 absolutius.
335 3235 430 3299 Fama
443 3249 560 3300 nonest
573 3239 744 3315 affectanda,
759 3241 811 3302 sed
832 3261 869 3302 ea
894 3241 1029 3311 virtutem
1043 3241 1089 3304 ul·
1161 3245 1165 3252 ’

124 3321 338 3397 trocomitetur,
353 3320 599 3403 quemadmodum
620 3322 833 3404 improbitatem
853 3321 979 3386 infamia.
1023 3323 1088 3388 Vos

124 3403 303 3466 admiremini
318 3404 403 3481 viros,
417 3404 488 3467 mihi
502 3405 598 3501 puella
611 3405 739 3468 Lacaena
757 3407 872 3490 placuit,
888 3429 953 3491 que
973 3429 1042 3470 cum
1057 3407 1088 3470 in

123 3485 257 3546 auctione
281 3487 465 3565 venderetur,
489 3488 610 3550 lrcitator
632 3487 748 3572 quidam
771 3490 840 3554 adiit
860 3490 950 3567 illam,
977 3489 1088 3576 Quid?
