2492 4038
572 331 617 448 i0

470 508 545 583 Tne
569 511 737 585 Relatice.

1 765 2 777 χ
204 667 214 690 ’
346 703 846 771 Adam,n5⁷.-smra,§1.nr,a
916 693 919 700 '

1 803 2 806 ’
55 875 57 879 ,
91 809 96 819 ‘
168 793 199 868 F
200 779 288 868 ortis
313 810 369 870 est
393 821 454 892 qur
478 823 518 871 se
544 798 667 872 vincit.

1 923 3 938 .
167 891 364 989 Nunquam
388 901 488 970 recte
513 896 635 984 faciet,
662 897 724 992 qui
749 892 823 970 citd
848 897 978 970 credit.

168 989 268 1064 Leve
293 993 344 1080 fit,
370 996 466 1088 quod
492 997 585 1068 bene
611 995 734 1083 fertur,
760 1017 861 1068 onus.

166 1085 253 1161 Non
278 1114 358 1163 sum
383 1115 491 1186 quern
515 1105 634 1188 purae.

1 1269 2 1276 ἵ
47 1209 49 1215 ·
124 1203 128 1211 ·
164 1183 340 1260 Nihilest
356 1191 452 1283 quod
470 1202 545 1262 non
562 1190 746 1286 expugnet
761 1191 926 1288 pertinmr
942 1211 1064 1288 opera.

166 1283 269 1358 Felix
294 1298 350 1358 est
373 1311 481 1381 quern
506 1286 609 1361 Deus
634 1288 762 1385 diligit.

384 1649 458 1724 Tne
483 1647 656 1749 Infinitive
680 1647 795 1722 Mood.

173 1877 176 1884 ,
364 1825 454 1886 Adam,
470 1823 501 1872 n.
517 1822 665 1884 n-Smrn,
680 1822 692 1886 a
708 1821 730 1871 1.
741 1821 773 1870 a.
780 1821 805 1870 9.

161 1927 309 2002 Nocere
335 1928 442 2002 facile
468 1941 534 2016 est,
561 1929 733 2024 prodesse
758 1925 917 2000 difficile.

151 2023 325 2100 Noscere
351 2027 510 2122 seipsum
534 2027 693 2100 maxima
717 2026 897 2122 sapientia
921 2037 987 2098 est.

161 2122 247 2196 Non
273 2125 448 2197 dimicare
474 2125 543 2198 fuir
566 2125 724 2198 vincere.
775 2121 777 2127 ’

110 2233 116 2246 ·
162 2219 337 2322 Progredi
362 2223 514 2296 arduum
538 2235 604 2309 est,
630 2222 774 2318 regredi
799 2221 1055 2318 periculosum.

345 2391 439 2481 nam.
451 2415 484 2470 n.
499 2415 660 2480 ac-smrn,
674 2416 687 2482 a
701 2416 724 2468 c.
735 2377 767 2467 a.
777 2416 802 2479 5,
810 2415 833 2466 a.

159 2516 287 2590 Emori
311 2519 433 2614 cupio.

157 2613 303 2688 Tacere
330 2638 483 2710 nequeo.
665 2691 667 2696 ,

158 2713 264 2785 Aude
290 2725 525 2786 contemnere
551 2736 650 2810 opes.

157 2811 285 2884 Amitti
310 2812 420 2884 virtus
444 2829 518 2882 non
542 2823 672 2907 potest.

103 2917 106 2934 '
157 2907 312 3006 Pigebat
337 2920 375 2981 et
398 2909 598 2982 consistere
623 2921 661 2982 et
684 2908 866 3005 progredi.

34 3063 36 3068 .
155 3006 265 3080 Vinci
289 3013 396 3100 quam·
412 2988 565 3080 fincere
590 3005 727 3080 meluit.
962 3089 964 3094 ,

1 3125 3 3197 J
72 3154 76 3162 ι
155 3103 214 3178 Ne
240 3111 358 3178 tentes
383 3106 479 3199 quod
504 3103 603 3178 effici
626 3121 700 3177 non
724 3115 857 3200 potest.

92 3273 115 3312 1,
147 3203 272 3302 ¹Sequi
296 3201 412 3300 gloria
435 3226 508 3276 non
533 3203 657 3300 appeti
681 3204 801 3278 debet.

354 3399 446 3460 Adam,
462 3397 494 3448 R.
509 3394 684 3462 4.-Smirh‚§
699 3397 722 3448 6.
732 3397 765 3448 R.
775 3397 804 3449 7.-

155 3489 214 3564 Te
239 3490 378 3566 salvum
403 3493 545 3566 venisse
571 3491 750 3588 gaudeos,

156 3588 278 3672 Nemo
301 3613 341 3666 se
366 3613 515 3666 avarum
540 3614 620 3665 esse
645 3575 823 3686 intelligit.
