2492 4038
608 319 657 388 43

184 500 265 570 -Qui
276 479 530 581 responderunt:
552 521 615 562 non
638 517 798 580 possumus
820 495 904 560 adire
926 493 1109 642 praesectum

157 583 285 730 AEfiypti
300 585 367 647 sine
382 584 584 667 Benjemin03
605 583 672 665 ipse
694 581 777 644 enim
796 580 885 665 jussit
906 579 992 642 ilum
1013 579 1053 641 ad
1074 597 1108 640 se

159 670 388 880 &Obortigrquit
401 761 498 833 pater,
512 751 700 814 mentionem
712 748 828 812 fecistis
842 748 882 811 de
904 746 996 810 moe
1008 755 1109 810 vestro

157 855 287 1001 mrffir
297 885 449 1000 inquiunt,
464 881 742 999 nostnterrogavi:
760 937 801 980 an
819 925 908 997 peter
931 914 1056 992 viveret,
1071 933 1110 976 an

160 1003 255 1066 alium
270 1001 394 1066 fratrem
409 1002 602 1065 haberemus.

202 1087 431 1168 Respondimus
453 1086 493 1147 ad
515 1106 554 1148 ea
575 1105 645 1165 quae
660 1083 896 1147 sciscitabatur:
917 1101 980 1146 non
1009 1081 1111 1164 potui·

159 1192 227 1250 mus
249 1171 394 1252 praescire
416 1191 488 1233 eum
508 1169 664 1232 dicturum
685 1189 771 1231 esse:
793 1168 938 1231 adducite
960 1165 1023 1228 huc
1051 1165 1111 1228 fra·

17 1262 20 1270 ’
81 1309 84 1313 .
160 1266 240 1318 trem
253 1265 396 1317 vestrum.

204 1421 296 1486 Tunc
311 1422 415 1499 Judas,
430 1443 510 1484 unus
533 1442 552 1486 e
575 1341 791 1498 filiisldacobi,
808 1419 887 1482 dixit
906 1421 1006 1502 patri:
1026 1441 1113 1484 com·

9 1504 14 1516 “
65 1495 68 1499 ’
160 1506 249 1568 mitte
263 1506 339 1568 mihi
354 1527 503 1587 puerum:
524 1527 587 1588 ego
608 1505 695 1567 iilum
709 1506 827 1586 recipio
841 1505 872 1566 in
888 1505 981 1566 fidem
994 1525 1113 1566 meam:

161 1611 222 1672 ego
251 1591 392 1665 servabo,
420 1611 481 1672 ego
509 1591 656 1652 reducam
677 1589 765 1652 illum
786 1589 826 1650 ad
846 1598 898 1666 te:
918 1588 977 1650 nisi
1000 1587 1113 1665 secero,

161 1672 250 1756 hujus
265 1673 308 1735 rei
323 1673 418 1755 culpa
432 1674 464 1735 in
485 1695 536 1735 me
558 1673 726 1736 residebit:
747 1672 772 1734 si
792 1671 940 1735 voluisses
960 1692 1032 1736 eum
1054 1683 1114 1735 sta·

163 1756 217 1818 tim
231 1756 395 1832 dimittere,
407 1757 472 1839 jam
486 1757 625 1818 secundo
639 1757 702 1820 huc
717 1756 922 1820 rediissemus.

204 1840 345 1902 Tandem
360 1841 459 1903 vietus
481 1850 569 1922 pater
593 1841 721 1918 annuit;
742 1840 888 1920 quoniam
912 1861 1041 1902 necesse
1055 1851 1114 1916 est,

163 1921 271 2004 inquit,
293 1923 507 2006 proficiscatur
521 1924 718 2007 Benjaminus
732 1923 902 1999 vobiscum,
916 1923 1034 1986 deferte
1050 1925 1114 1986 viro

163 2027 292 2069 munera
305 2017 338 2070 et
351 2006 479 2088 duplum
494 2007 636 2089 pretium,
659 2027 700 2070 ne
725 2007 802 2070 sort'e
827 2025 930 2070 errore
945 2006 1062 2070 sactum
1075 2007 1116 2070 sit

165 2101 200 2153 ut
213 2090 301 2152 vobis
316 2091 493 2154 redderetur
507 2092 589 2174 prior
603 2091 747 2173 pecunia.

208 2258 400 2322 Nunciatum
418 2269 467 2322 est
489 2258 627 2341 Josepho
640 2259 767 2322 eosdem
788 2259 869 2323 viros
890 2259 1060 2337 advenisse,
1083 2269 1116 2323 et

165 2363 237 2405 cum
251 2343 296 2405 eis
311 2343 471 2424 parvulum
485 2343 619 2406 fratrem.

207 2426 303 2520 Jussit
323 2427 476 2508 Josephus
504 2448 559 2489 eos
589 2427 744 2492 introduci
758 2427 911 2503 domum,
939 2435 972 2490 et
999 2425 1116 2490 lautum

166 2530 268 2592 parari
282 2510 466 2572 convivium.

210 2593 259 2656 Illi
291 2614 382 2674 porro
399 2593 595 2657 *metuebant
625 2615 665 2657 ne
698 2605 898 2678 arguerentur
920 2595 960 2658 de
982 2595 1115 2678 pecunia

165 2699 258 2758 quam
292 2677 324 2740 in
352 2677 455 2741 saccis
489 2690 687 2760 repererant:
721 2700 815 2760 quare
840 2691 1048 2764 purgaverunt
1080 2699 1114 2742 se

164 2763 247 2844 apud
261 2762 505 2843 dispensatorem
521 2763 659 2844 Josephi.

205 2845 275 2908 Jnm
299 2845 406 2922 semel,
431 2845 583 2926 inquiunt,
597 2847 659 2909 huc
673 2845 832 2926 venimus:
853 2847 964 2910 reversi
987 2847 1114 2908 domum

163 2929 335 2991 invenimus
376 2928 509 3010 pretium
548 2929 691 2992 frumenti
727 2927 759 2992 iri
794 2931 917 2994 saccis:
959 2928 1115 2992 nescimus

162 3033 298 3092 quonam
306 3033 387 3106 'casu
413 3012 445 3075 id
470 3011 587 3076 fectum
604 3012 715 3076 fuerit:
736 3013 791 3075 sed
805 3015 936 3078 eandem
950 3009 1115 3094 pecuniam

162 3105 393 3175 reportavimus.
978 3115 985 3128 ’

205 3176 331 3246 Quibus
344 3178 537 3260 dispensator
552 3179 614 3242 ait:
634 3179 718 3244 bono
732 3181 835 3245 animo
849 3189 960 3243 estote.
992 3175 1114 3244 Deinde

161 3259 291 3324 adduxit
305 3262 344 3323 ad
358 3261 427 3324 illos
442 3263 629 3340 Simeonem,
643 3265 696 3345 qui
711 3275 849 3327 retentus
864 3262 972 3324 fuerat.

203 3427 326 3492 Deinde
352 3427 505 3511 Josephus
529 3429 684 3513 ingressus
708 3441 756 3494 est
770 3430 802 3492 in
816 3426 976 3507 conclave,
991 3430 1045 3492 ubi
1068 3432 1114 3494 sui
1231 3499 1235 3508 ,

161 3506 233 3575 euni
257 3513 365 3576 fratres
386 3513 605 3595 expectabant,
621 3513 674 3594 qui
698 3533 770 3576 eum
794 3513 929 3577 venerati
954 3525 1025 3578 sunt
1038 3513 1115 3577 offe·

162 3608 264 3660 rentes
277 3617 415 3659 munera.
