2492 4038
610 269 651 338 71

606 450 656 509 ro.
746 437 749 442 '

563 569 694 624 RANAE.

195 657 381 726 lucelebant
401 659 564 722 ranunculi
588 660 652 722 duo
674 659 844 742 paludem:
866 659 927 742 qud
947 679 1002 742 per
1015 671 1106 724 aesta·

91 771 100 790 ·
153 760 216 809 tem
230 745 397 820 exsiccati,
411 744 529 807 relictis
550 744 677 806 sedibus
698 743 769 820 illis,
797 745 972 828 pergebant
995 744 1109 826 quaesi:

154 841 220 892 tum
248 829 334 905 alias,
358 830 491 910 cumque
512 827 667 890 venissent
688 827 728 892 ad
751 828 937 910 profundum
958 837 1108 911 puteum3

153 913 226 990 Hic,
251 913 351 994 inquit
371 934 461 988 unus,
483 913 643 974 commode
665 913 868 988 manebimus
891 933 993 994 neque
1017 910 1107 974 facile

153 997 249 1059 alium
264 997 368 1059 locum
384 997 545 1059 meliorem
559 995 694 1058 invenire
709 995 887 1077 poterimus,

195 1081 254 1143 Cui
269 1080 427 1162 respondit
449 1079 536 1155 alter,
551 1079 680 1142 Placere
695 1089 728 1142 et
741 1080 799 1143 sibr
822 1079 936 1157 locum,
951 1079 1005 1142 sed
1028 1077 1110 1142 arbi·

57 1165 59 1170 ’
107 1201 110 1205 -
154 1165 226 1227 trari
249 1186 293 1241 sc,
321 1164 497 1246 priusqudm
519 1163 573 1226 illd
595 1163 764 1240 desilirent,
792 1163 1060 1240 considerandum,
1082 1165 1108 1226 si

62 1321 65 1325 ¹
153 1269 218 1329 quo
245 1269 320 1311 casu
342 1258 375 1309 et
396 1247 458 1310 illae
480 1269 570 1329 aquae
599 1248 808 1325 recessissent,
831 1248 892 1329 qud
921 1246 1039 1310 ratione
1067 1247 1108 1310 de

155 1342 253 1414 puteo
267 1330 392 1394 redituri
406 1342 519 1394 essent.

599 1505 646 1561 ln

458 1621 534 1678 LEO
565 1621 613 1676 ΕΤ
644 1621 813 1678 ONAGER.

17 1709 18 1768 i
121 1737 129 1754 ‘
198 1735 265 1798 Leo
278 1745 311 1798 et
326 1754 444 1818 onager
457 1722 602 1796 renatum
624 1733 732 1813 ibant3
753 1733 806 1796 ille
828 1733 973 1816 equidem
996 1733 1111 1797 viribus

49 1811 68 1837 '⁶
155 1819 270 1899 fretrrs3
291 1819 343 1882 hic
356 1819 428 1882 vero
443 1818 559 1900 pedum
573 1817 751 1881 velocitate.
795 1817 887 1882 Parte
906 1831 1112 1902 autemmag-

154 1903 195 2049 qd
215 1903 331 1999 praeda,
346 1903 428 1967 leoni
444 1899 564 1985 placuit
577 1901 662 1964 illam
677 1902 825 1979 dividere,
839 1915 872 1966 et
886 1903 918 1968 in
933 1915 993 1966 tres
1008 1915 1111 1988 partes
1133 1898 1139 1910 '

177 1997 383 2148 Isgeriltlrfgcto,
396 2071 457 2148 leo,
471 2080 506 2133 ut
520 2070 632 2146 lerunt,
646 2069 690 2132 ita
704 2071 826 2134 locutus
848 2082 915 2134 est:
936 2071 1029 2134 Hanc
1044 2071 1111 2152 qui-

154 2154 228 2218 dem
250 2153 373 2236 capiam
404 2176 443 2218 ex
472 2155 624 2238 dignitate
654 2155 733 2234 merl,
763 2165 871 2236 utpote
894 2155 1027 2218 ferarum
1049 2176 1111 2230 rex,

155 2237 285 2302 alteram
299 2239 371 2302 veri)
392 2261 431 2304 ex
448 2239 532 2324 juste
553 2239 723 2318 divisione3
745 2250 778 2302 at
798 2240 890 2322 tertia
910 2259 1057 2324 magnum
1079 2240 1111 2302 in

153 2322 373 2386 darnnumtibi
387 2323 491 2401 cedet,
505 2324 548 2400 ni,
562 2324 600 2387 et
614 2323 733 2399 relicti,
749 2323 902 2407 eulogias.

619 2463 668 2554 rs

462 2603 788 2684 ·rusnlnnunnx.

197 2711 288 2789 Puer,
302 2723 408 2777 custos
430 2711 543 2789 ovium,
553 2712 645 2795 'quasi
661 2712 768 2796 lupum
791 2714 1006 2780 advenientem
1020 2719 1112 2782 vidis·

155 2807 213 2874 set,
226 2815 318 2881 opem
340 2798 524 2860 rusticorum
545 2797 741 2881 implorabat,
755 2798 903 2876 clamans,
926 2799 1035 2865 Heus!
1058 2803 1112 2865 ad-

19 2903 21 2954 :
111 2926 114 2931 -
154 2893 244 2960 estc3
263 2881 338 2944 mihi
353 2903 373 2944 a
387 2881 463 2964 lupo
477 2883 660 2945 succurrite.

196 2964 319 3029 Rustici
334 2965 428 3048 pleno
442 2966 542 3049 gradu
564 2967 604 3029 ad
619 2975 750 3050 puerum
765 2979 952 3050 accurrunt3
974 2971 1112 3053 lupoque

154 3067 308 3130 nusquam
322 3059 501 3129 apparente,
517 3051 557 3114 ad
571 3071 666 3132 opera
682 3073 738 3114 sua
752 3053 893 3117 redeunt.

197 3131 339 3209 Cumque
354 3131 517 3212 aliquoties
532 3155 587 3215 per
610 3134 711 3198 lusum
734 3137 817 3200 idam
838 3138 964 3200 fecisset
978 3155 1065 3218 puer,
1080 3145 1113 3198 et

154 3214 210 3278 eoa
234 3213 420 3295 decepisset,
435 3215 488 3296 qui
503 3217 650 3278 auxilium
675 3217 789 3282 illaturi
811 3222 1023 3297 advenerant3
1044 3227 1113 3282 tan-

153 3299 237 3376 dem,
252 3297 327 3380 lupo
342 3295 485 3376 irmente,
506 3299 674 3364 miserabili
697 3323 774 3366 voce
797 3304 915 3376 orabat,
940 3311 975 3364 ut
1001 3301 1112 3368 subve-

153 3383 271 3450 niretur
284 3381 344 3446 sibi
359 3392 392 3446 et
405 3383 504 3467 gregi.
1072 3387 1074 3392 '

196 3465 263 3538 Qui
276 3467 349 3532 vero
364 3467 542 3545 audiebant,
557 3467 663 3533 ludere
678 3471 766 3533 illum
787 3473 902 3550 pariter
924 3489 961 3534 ae
976 3475 1048 3538 ante
1064 3493 1112 3537 ar·

32 3577 37 3584 ·
153 3549 267 3628 hiesu,
281 3571 392 3634 preces
406 3561 439 3616 et
454 3552 643 3634 plorationes
657 3555 727 3616 vani
742 3553 829 3635 pueri
844 3553 1060 3638 neglexerunt.
