2492 4038
559 263 609 334 32

157 443 265 514 Quum
287 441 339 506 ille
361 441 500 518 bibisset,
521 442 674 506 Rebecca
693 441 807 506 obtulit
827 441 922 507 etiam
950 462 1062 526 aquam

111 527 270 694 bilnmbbbt
303 526 375 590 Hoc
403 526 519 590 indicio
547 526 694 611 cognovit
725 526 846 590 Eliezer
869 527 954 610 quod
981 529 1061 591 scire

560 717 612 774 22.

153 815 274 879 Eliezer
309 815 436 898 protulit
464 815 586 878 inaures
614 833 722 876 aureas
742 822 781 876 et
809 813 953 890 armillas,
985 834 1062 895 quas

110 899 197 962 dedit
217 899 402 962 Rebeccae:
434 909 499 963 tum
524 897 638 962 interro
662 897 725 959 avit
752 895 837 959 illam
865 897 953 980 cujus
981 907 1063 961 esset

110 982 184 1058 filia,
198 1003 273 1045 num
287 982 319 1044 in
333 982 426 1046 domo
441 982 535 1064 patris
549 918 733 1044 essetlocus
744 979 784 1042 ad
798 981 1061 1044 commorandum.

152 1066 211 1128 Cui
245 1064 395 1128 Rebecca
415 1065 598 1146 respondit:
627 1084 689 1146 ego
709 1085 778 1126 siun
799 1063 863 1126 lilia
884 1064 1062 1127 Batlruelis:

110 1169 185 1212 avus
205 1169 293 1212 meus
314 1159 362 1212 est
384 1148 476 1211 frater
497 1147 691 1226 Abrabami3
726 1159 773 1210 est
800 1147 884 1210 domi
906 1147 993 1212 locus
1022 1148 1062 1210 ad

110 1234 364 1297 commorandum
387 1231 610 1314 amplissimus3
631 1241 680 1294 est
700 1231 794 1294 etiam
808 1231 973 1313 plurimum
987 1230 1062 1295 foeni

110 1327 143 1379 et
157 1316 315 1397 palearum
329 1316 371 1378 ad
384 1336 472 1378 ustun
487 1315 686 1378 camelorum.

153 1399 250 1468 Quod
264 1399 393 1463 audien
407 1399 530 1485 Eliezer
541 1399 607 1483 egit
620 1398 735 1483 gratias
749 1397 828 1475 Deo,
843 1397 895 1484 qui
906 1397 1062 1462 tribuisset
1233 1433 1244 1500 s

110 1483 169 1547 iter
183 1503 362 1566 prosperum
375 1482 446 1546 sibi.

560 1591 614 1648 23.

153 1684 304 1748 Rebecca
325 1685 500 1769 properavit
525 1685 650 1748 domum
671 1693 705 1748 et
724 1683 858 1747 narravit
878 1683 967 1748 matri
995 1704 1060 1749 suoe

110 1788 148 1830 ea
161 1789 232 1848 quae
248 1769 307 1832 sibi
322 1769 528 1851 contigerant.

151 1852 297 1914 Labanus
321 1850 414 1914 frater
427 1852 597 1928 Rebeccae,
620 1871 714 1933 quum
739 1850 904 1914 audivisset
925 1871 1061 1914 sororem

109 1946 294 2012 narrantem,
305 1935 399 1998 adivit
413 1935 579 2011 hominem,
593 1935 645 2017 qui
669 1935 771 1998 stabat
785 1935 825 1996 ad
850 1932 967 1997 sontem
988 1956 1061 1998 cum

110 2019 247 2095 camelis,
262 2030 294 2081 et
305 2018 497 2100 compellans
511 2040 604 2082 eum:
625 2019 798 2102 ingredere,
813 2017 921 2098 inquit,
935 2018 1059 2082 domine

108 2103 171 2164 mi:
199 2123 254 2247 lcur
278 2113 340 2165 stas
368 2101 467 2166 foris?
495 2102 604 2166 Paravi
625 2102 793 2184 hospitium
814 2101 871 2165 tibi
896 2112 929 2165 et
956 2101 1061 2166 locum

109 2207 198 2248 came
213 2207 248 2248 is.
946 2209 948 2214 ¹

151 2270 233 2333 Dein
247 2269 375 2333 deduxit
389 2290 461 2334 eum
474 2269 610 2347 domum,
625 2268 719 2353 eique
733 2269 839 2332 cibum
853 2268 1007 2351 apposuit.

556 2396 608 2454 24.
656 2403 661 2408 '

150 2494 305 2556 Continub
343 2493 463 2558 Eliezer
498 2493 641 2576 exposuit
678 2490 857 2575 parentibus
899 2491 1058 2554 Rebeccae

108 2598 234 2640 causam
249 2578 365 2641 itineris
380 2579 525 2660 suscepti,
546 2577 727 2662 rogavitque
749 2586 784 2640 ut
805 2585 976 2640 annuerent
990 2596 1059 2657 pos-

108 2659 250 2723 tulationi
265 2681 341 2722 suae.

118 2815 121 2822 Ι
151 2743 218 2810 Qui
233 2744 474 2824 responderunt:
496 2744 539 2805 ita
552 2742 694 2805 voluntas
708 2741 767 2805 Dei
783 2741 841 2804 fert
853 2764 862 2820 ;
876 2761 936 2804 nec
952 2763 1058 2823 possu-

107 2845 175 2887 mus
189 2826 258 2888 Deo
272 2826 432 2890 obsistere.
466 2827 514 2890 En
525 2826 677 2906 Rebecca
685 2849 695 2905 ;
716 2825 930 2908 proficiscetur
944 2835 1058 2902 tecum,

104 2920 241 2989 nuptura
254 2909 375 2970 Isaaco.

149 2995 232 3056 Tum
260 2991 384 3054 Eliezer
418 2992 609 3076 deprompsit
629 3013 702 3054 vasa
723 3013 818 3056 aurea
838 3003 871 3056 et
899 3003 1057 3076 argentea,

107 3087 267 3156 vestesque
283 3075 440 3157 pretiosas,
451 3097 528 3156 quas
542 3078 628 3140 dedit
641 3075 800 3140 Rebecw
813 3100 822 3156 ;
836 3077 949 3140 obtulit
964 3077 1058 3140 etiam

106 3179 235 3224 munera
247 3158 337 3223 matri
351 3159 418 3243 ejus
432 3170 465 3224 et
479 3160 571 3239 fratri,
586 3172 619 3224 et
633 3161 767 3224 inierunt
780 3161 964 3225 convivium.

555 3287 607 3344 25.

150 3379 299 3445 Postridie
338 3381 458 3447 Eliezer
495 3403 623 3466 :surgen
651 3384 742 3447 mane
769 3383 847 3446 dixit
878 3382 1057 3465 parentibus

106 3463 288 3528 Rebeccoe:
315 3464 407 3529 herus
432 3487 520 3532 meus
541 3485 591 3532 me
618 3478 798 3550 exspectat3
826 3467 971 3532 dimittite
996 3487 1056 3543 me,

107 3558 141 3609 ut
155 3547 279 3610 redeam
294 3550 334 3611 ad
349 3550 445 3614 illum.
