<?xml version="1.0" encoding="UTF-8"?>
<!DOCTYPE html PUBLIC "-//W3C//DTD XHTML 1.0 Transitional//EN"
    "http://www.w3.org/TR/xhtml1/DTD/xhtml1-transitional.dtd">
<html xmlns="http://www.w3.org/1999/xhtml" xml:lang="en" lang="en">
 <head>
  <title>
</title>
<meta http-equiv="Content-Type" content="text/html;charset=utf-8" />
  <meta name='ocr-system' content='tesseract 3.04.00' />
  <meta name='ocr-capabilities' content='ocr_page ocr_carea ocr_par ocr_line ocrx_word'/>
</head>
<body>
  <div class='ocr_page' id='page_1' title='image "./liberprimus01danagoog_0121.png"; bbox 0 0 2472 4038; ppageno 0'>
   <div class='ocr_carea' id='block_1_1' title="bbox 563 232 633 304">
    <p class='ocr_par' dir='ltr' id='par_1_1' title="bbox 563 232 633 304">
     <span class='ocr_line' id='line_1_1' title="bbox 563 232 633 304; baseline 0.029 -2"><span class='ocrx_word' id='word_1_1' title='bbox 563 232 633 304; x_wconf 70' lang='lat'>114</span> 
     </span>
    </p>
   </div>
   <div class='ocr_carea' id='block_1_2' title="bbox 520 457 667 514">
    <p class='ocr_par' dir='ltr' id='par_1_2' title="bbox 520 457 667 514">
     <span class='ocr_line' id='line_1_2' title="bbox 520 457 667 514; baseline -0.02 0"><span class='ocrx_word' id='word_1_2' title='bbox 520 457 606 514; x_wconf 84' lang='lat' dir='ltr'>COL.</span> <span class='ocrx_word' id='word_1_3' title='bbox 629 457 667 513; x_wconf 89' lang='lat'>11.</span> 
     </span>
    </p>
   </div>
   <div class='ocr_carea' id='block_1_3' title="bbox 376 629 822 688">
    <p class='ocr_par' dir='ltr' id='par_1_3' title="bbox 376 629 822 688">
     <span class='ocr_line' id='line_1_3' title="bbox 376 629 822 688; baseline 0 -14"><span class='ocrx_word' id='word_1_4' title='bbox 376 629 585 688; x_wconf 59' lang='lat' dir='ltr'>ruadmunt,</span> <span class='ocrx_word' id='word_1_5' title='bbox 606 629 822 675; x_wconf 68' lang='lat' dir='ltr'>unvamma.</span> 
     </span>
    </p>
   </div>
   <div class='ocr_carea' id='block_1_4' title="bbox 22 739 1098 2733">
    <p class='ocr_par' dir='ltr' id='par_1_4' title="bbox 22 739 1098 2733">
     <span class='ocr_line' id='line_1_4' title="bbox 160 739 770 808; baseline 0 -2"><span class='ocrx_word' id='word_1_6' title='bbox 160 739 344 806; x_wconf 76' lang='lat' dir='ltr'>Vincentius.</span> <span class='ocrx_word' id='word_1_7' title='bbox 368 741 494 808; x_wconf 89' lang='lat' dir='ltr'>Libetne</span> <span class='ocrx_word' id='word_1_8' title='bbox 509 744 659 807; x_wconf 86' lang='lat' dir='ltr'>decertare</span> <span class='ocrx_word' id='word_1_9' title='bbox 673 743 770 806; x_wconf 81' lang='lat' dir='ltr'>saltu?</span> 
     </span>
     <span class='ocr_line' id='line_1_5' title="bbox 72 826 925 912; baseline 0 -22"><span class='ocrx_word' id='word_1_10' title='bbox 72 847 75 859; x_wconf 89' lang='lat'><strong>·</strong></span> <span class='ocrx_word' id='word_1_11' title='bbox 155 826 347 890; x_wconf 77' lang='lat' dir='ltr'>Lmtrentt’ue.</span> <span class='ocrx_word' id='word_1_12' title='bbox 370 827 475 892; x_wconf 90' lang='lat' dir='ltr'>Ludus</span> <span class='ocrx_word' id='word_1_13' title='bbox 488 829 542 890; x_wconf 87' lang='lat' dir='ltr'>iste</span> <span class='ocrx_word' id='word_1_14' title='bbox 556 849 615 891; x_wconf 91' lang='lat' dir='ltr'>non</span> <span class='ocrx_word' id='word_1_15' title='bbox 628 828 767 892; x_wconf 88' lang='lat' dir='ltr'>convenit</span> <span class='ocrx_word' id='word_1_16' title='bbox 780 827 899 912; x_wconf 78' lang='lat' dir='ltr'><strong>pransis.</strong></span> <span class='ocrx_word' id='word_1_17' title='bbox 921 833 925 840; x_wconf 91' lang='lat'>&#39;</span> 
     </span>
     <span class='ocr_line' id='line_1_6' title="bbox 162 909 461 986; baseline 0.003 -13"><span class='ocrx_word' id='word_1_18' title='bbox 162 910 213 973; x_wconf 81' lang='lat' dir='ltr'>Vt.</span> <span class='ocrx_word' id='word_1_19' title='bbox 237 909 461 986; x_wconf 82' lang='lat' dir='ltr'><strong>Quamobrem?</strong></span> 
     </span>
     <span class='ocr_line' id='line_1_7' title="bbox 156 993 817 1079; baseline 0 -22"><span class='ocrx_word' id='word_1_20' title='bbox 156 993 217 1058; x_wconf 84' lang='lat' dir='ltr'>Lo.</span> <span class='ocrx_word' id='word_1_21' title='bbox 242 995 323 1068; x_wconf 83' lang='lat' dir='ltr'><strong>Quia</strong></span> <span class='ocrx_word' id='word_1_22' title='bbox 337 996 443 1058; x_wconf 85' lang='lat' dir='ltr'>ventris</span> <span class='ocrx_word' id='word_1_23' title='bbox 458 995 576 1058; x_wconf 89' lang='lat' dir='ltr'>saburra</span> <span class='ocrx_word' id='word_1_24' title='bbox 589 1009 689 1079; x_wconf 86' lang='lat' dir='ltr'>gravat</span> <span class='ocrx_word' id='word_1_25' title='bbox 703 1015 817 1078; x_wconf 89' lang='lat' dir='ltr'>corpus.</span> 
     </span>
     <span class='ocr_line' id='line_1_8' title="bbox 161 1075 1083 1163; baseline 0.001 -24"><span class='ocrx_word' id='word_1_26' title='bbox 161 1077 213 1140; x_wconf 86' lang='lat' dir='ltr'>Vi.</span> <span class='ocrx_word' id='word_1_27' title='bbox 238 1077 307 1140; x_wconf 92' lang='lat' dir='ltr'>Non</span> <span class='ocrx_word' id='word_1_28' title='bbox 321 1079 479 1141; x_wconf 84' lang='lat' dir='ltr'>admodum</span> <span class='ocrx_word' id='word_1_29' title='bbox 493 1077 565 1142; x_wconf 72' lang='lat' dir='ltr'>sane</span> <span class='ocrx_word' id='word_1_30' title='bbox 579 1081 614 1142; x_wconf 88' lang='lat' dir='ltr'>iis</span> <span class='ocrx_word' id='word_1_31' title='bbox 628 1080 677 1163; x_wconf 90' lang='lat' dir='ltr'>qui</span> <span class='ocrx_word' id='word_1_32' title='bbox 692 1079 788 1163; x_wconf 82' lang='lat' dir='ltr'>pransi</span> <span class='ocrx_word' id='word_1_33' title='bbox 807 1091 873 1140; x_wconf 87' lang='lat' dir='ltr'>sunt</span> <span class='ocrx_word' id='word_1_34' title='bbox 894 1075 924 1140; x_wconf 90' lang='lat' dir='ltr'>in</span> <span class='ocrx_word' id='word_1_35' title='bbox 946 1078 1083 1162; x_wconf 85' lang='lat' dir='ltr'>paedago·</span> 
     </span>
     <span class='ocr_line' id='line_1_9' title="bbox 112 1161 1083 1306; baseline 0.003 -83"><span class='ocrx_word' id='word_1_36' title='bbox 112 1161 169 1246; x_wconf 89' lang='lat' dir='ltr'>gio.</span> <span class='ocrx_word' id='word_1_37' title='bbox 189 1161 519 1306; x_wconf 28' lang='lat' dir='ltr'>d‚Namhiplerumque</span> <span class='ocrx_word' id='word_1_38' title='bbox 527 1163 721 1234; x_wconf 78' lang='lat' dir='ltr'>coenetuu‘unt</span> <span class='ocrx_word' id='word_1_39' title='bbox 729 1162 897 1246; x_wconf 91' lang='lat' dir='ltr'>priusquam</span> <span class='ocrx_word' id='word_1_40' title='bbox 905 1162 1083 1226; x_wconf 87' lang='lat' dir='ltr'>absolverint</span> 
     </span>
     <span class='ocr_line' id='line_1_10' title="bbox 135 1267 883 1308; baseline 0.003 -2"><span class='ocrx_word' id='word_1_41' title='bbox 135 1267 187 1306; x_wconf 85' lang='lat' dir='ltr'>ran</span> <span class='ocrx_word' id='word_1_42' title='bbox 208 1267 278 1308; x_wconf 83' lang='lat' dir='ltr'>rum.</span> <span class='ocrx_word' id='word_1_43' title='bbox 881 1276 883 1280; x_wconf 96' lang='lat'>·</span> 
     </span>
     <span class='ocr_line' id='line_1_11' title="bbox 113 1267 852 1413; baseline -0.003 -21"><span class='ocrx_word' id='word_1_44' title='bbox 113 1267 134 1328; x_wconf 73' lang='lat' dir='ltr'>p</span> <span class='ocrx_word' id='word_1_45' title='bbox 155 1329 215 1392; x_wconf 88' lang='lat' dir='ltr'>Lo.</span> <span class='ocrx_word' id='word_1_46' title='bbox 239 1328 332 1404; x_wconf 87' lang='lat' dir='ltr'>Quod</span> <span class='ocrx_word' id='word_1_47' title='bbox 346 1330 432 1413; x_wconf 88' lang='lat' dir='ltr'>igitur</span> <span class='ocrx_word' id='word_1_48' title='bbox 445 1329 566 1394; x_wconf 86' lang='lat' dir='ltr'>saliendi</span> <span class='ocrx_word' id='word_1_49' title='bbox 580 1349 672 1412; x_wconf 87' lang='lat' dir='ltr'>genus</span> <span class='ocrx_word' id='word_1_50' title='bbox 686 1329 805 1412; x_wconf 83' lang='lat' dir='ltr'>placet?</span> <span class='ocrx_word' id='word_1_51' title='bbox 845 1372 852 1390; x_wconf 84' lang='lat'><strong>.</strong></span> 
     </span>
     <span class='ocr_line' id='line_1_12' title="bbox 161 1411 1083 1497; baseline -0.001 -21"><span class='ocrx_word' id='word_1_52' title='bbox 161 1413 195 1476; x_wconf 85' lang='lat' dir='ltr'><em>V</em></span> <span class='ocrx_word' id='word_1_53' title='bbox 192 1412 214 1474; x_wconf 80' lang='lat' dir='ltr'>i.</span> <span class='ocrx_word' id='word_1_54' title='bbox 238 1413 433 1497; x_wconf 86' lang='lat' dir='ltr'>Auspicemur</span> <span class='ocrx_word' id='word_1_55' title='bbox 447 1413 485 1476; x_wconf 85' lang='lat' dir='ltr'>ab</span> <span class='ocrx_word' id='word_1_56' title='bbox 499 1435 537 1476; x_wconf 88' lang='lat' dir='ltr'>eo</span> <span class='ocrx_word' id='word_1_57' title='bbox 551 1413 630 1497; x_wconf 91' lang='lat' dir='ltr'>quod</span> <span class='ocrx_word' id='word_1_58' title='bbox 644 1427 688 1476; x_wconf 88' lang='lat' dir='ltr'>est</span> <span class='ocrx_word' id='word_1_59' title='bbox 702 1411 945 1495; x_wconf 88' lang='lat' dir='ltr'>simplicissimum</span> <span class='ocrx_word' id='word_1_60' title='bbox 966 1411 985 1474; x_wconf 76' lang='lat' dir='ltr'>sl</span> <span class='ocrx_word' id='word_1_61' title='bbox 1005 1413 1083 1475; x_wconf 85' lang='lat' dir='ltr'>saltu</span> 
     </span>
     <span class='ocr_line' id='line_1_13' title="bbox 113 1494 1083 1580; baseline -0.002 -20"><span class='ocrx_word' id='word_1_62' title='bbox 113 1498 300 1574; x_wconf 71' lang='lat' dir='ltr'>locustarum,</span> <span class='ocrx_word' id='word_1_63' title='bbox 315 1498 376 1560; x_wconf 91' lang='lat' dir='ltr'>sive</span> <span class='ocrx_word' id='word_1_64' title='bbox 391 1497 484 1560; x_wconf 87' lang='lat' dir='ltr'>mavis</span> <span class='ocrx_word' id='word_1_65' title='bbox 504 1494 649 1572; x_wconf 79' lang='lat' dir='ltr'>ranarum,</span> <span class='ocrx_word' id='word_1_66' title='bbox 662 1495 785 1580; x_wconf 69' lang='lat' dir='ltr'>utrique</span> <span class='ocrx_word' id='word_1_67' title='bbox 806 1495 887 1572; x_wconf 78' lang='lat' dir='ltr'>tibiis,</span> <span class='ocrx_word' id='word_1_68' title='bbox 902 1496 954 1559; x_wconf 88' lang='lat' dir='ltr'>scd</span> <span class='ocrx_word' id='word_1_69' title='bbox 971 1495 1083 1580; x_wconf 88' lang='lat' dir='ltr'>junctis</span> 
     </span>
     <span class='ocr_line' id='line_1_14' title="bbox 154 1579 1081 1665; baseline 0.001 -23"><span class='ocrx_word' id='word_1_70' title='bbox 154 1582 245 1644; x_wconf 90' lang='lat' dir='ltr'>dibus.</span> <span class='ocrx_word' id='word_1_71' title='bbox 290 1579 353 1654; x_wconf 86' lang='lat' dir='ltr'>Qui</span> <span class='ocrx_word' id='word_1_72' title='bbox 374 1579 541 1665; x_wconf 68' lang='lat' dir='ltr'>longissime</span> <span class='ocrx_word' id='word_1_73' title='bbox 563 1579 740 1663; x_wconf 88' lang='lat' dir='ltr'>promoverit</span> <span class='ocrx_word' id='word_1_74' title='bbox 760 1579 919 1662; x_wconf 81' lang='lat' dir='ltr'>cingulum,</span> <span class='ocrx_word' id='word_1_75' title='bbox 941 1600 1081 1643; x_wconf 86' lang='lat' dir='ltr'>coronam</span> 
     </span>
     <span class='ocr_line' id='line_1_15' title="bbox 113 1603 1081 1761; baseline 0 -35"><span class='ocrx_word' id='word_1_76' title='bbox 113 1603 196 1761; x_wconf 51' lang='lat' dir='ltr'>lieret.</span> <span class='ocrx_word' id='word_1_77' title='bbox 242 1665 340 1750; x_wconf 86' lang='lat' dir='ltr'>Hujus</span> <span class='ocrx_word' id='word_1_78' title='bbox 354 1665 404 1729; x_wconf 93' lang='lat' dir='ltr'>ubi</span> <span class='ocrx_word' id='word_1_79' title='bbox 418 1665 472 1728; x_wconf 83' lang='lat' dir='ltr'>erit</span> <span class='ocrx_word' id='word_1_80' title='bbox 486 1664 612 1741; x_wconf 85' lang='lat' dir='ltr'>satietas,</span> <span class='ocrx_word' id='word_1_81' title='bbox 627 1663 705 1726; x_wconf 92' lang='lat' dir='ltr'>aliud</span> <span class='ocrx_word' id='word_1_82' title='bbox 719 1677 806 1748; x_wconf 89' lang='lat' dir='ltr'>atque</span> <span class='ocrx_word' id='word_1_83' title='bbox 821 1661 898 1728; x_wconf 82' lang='lat' dir='ltr'>aliud</span> <span class='ocrx_word' id='word_1_84' title='bbox 912 1683 1006 1747; x_wconf 85' lang='lat' dir='ltr'>genus</span> <span class='ocrx_word' id='word_1_85' title='bbox 1027 1683 1081 1726; x_wconf 85' lang='lat' dir='ltr'>ex-</span> 
     </span>
     <span class='ocr_line' id='line_1_16' title="bbox 135 1768 1098 1810; baseline 0.001 -2"><span class='ocrx_word' id='word_1_86' title='bbox 135 1768 270 1810; x_wconf 89' lang='lat' dir='ltr'>enemur.</span> <span class='ocrx_word' id='word_1_87' title='bbox 1093 1781 1098 1790; x_wconf 79' lang='lat'>‚</span> 
     </span>
     <span class='ocr_line' id='line_1_17' title="bbox 113 1768 1083 1916; baseline -0.003 -23"><span class='ocrx_word' id='word_1_88' title='bbox 113 1768 134 1830; x_wconf 75' lang='lat' dir='ltr'>p</span> <span class='ocrx_word' id='word_1_89' title='bbox 154 1830 214 1893; x_wconf 86' lang='lat' dir='ltr'>Lu.</span> <span class='ocrx_word' id='word_1_90' title='bbox 238 1831 386 1916; x_wconf 81' lang='lat' dir='ltr'>Equidem</span> <span class='ocrx_word' id='word_1_91' title='bbox 400 1831 512 1894; x_wconf 90' lang='lat' dir='ltr'>nullum</span> <span class='ocrx_word' id='word_1_92' title='bbox 526 1829 668 1892; x_wconf 79' lang='lat' dir='ltr'>recusabo</span> <span class='ocrx_word' id='word_1_93' title='bbox 682 1849 784 1913; x_wconf 88' lang='lat' dir='ltr'>genus,</span> <span class='ocrx_word' id='word_1_94' title='bbox 798 1831 852 1894; x_wconf 90' lang='lat' dir='ltr'>nisi</span> <span class='ocrx_word' id='word_1_95' title='bbox 873 1829 952 1914; x_wconf 91' lang='lat' dir='ltr'>quod</span> <span class='ocrx_word' id='word_1_96' title='bbox 973 1829 1083 1912; x_wconf 81' lang='lat' dir='ltr'>geritur</span> 
     </span>
     <span class='ocr_line' id='line_1_18' title="bbox 112 1911 1080 2010; baseline 0.002 -32"><span class='ocrx_word' id='word_1_97' title='bbox 112 1935 182 1978; x_wconf 90' lang='lat' dir='ltr'>cum</span> <span class='ocrx_word' id='word_1_98' title='bbox 196 1914 325 2010; x_wconf 87' lang='lat' dir='ltr'>periculo</span> <span class='ocrx_word' id='word_1_99' title='bbox 338 1914 488 1976; x_wconf 83' lang='lat' dir='ltr'>tibiumm:</span> <span class='ocrx_word' id='word_1_100' title='bbox 504 1913 594 1978; x_wconf 88' lang='lat' dir='ltr'>nolim</span> <span class='ocrx_word' id='word_1_101' title='bbox 608 1911 680 1976; x_wconf 90' lang='lat' dir='ltr'>mihi</span> <span class='ocrx_word' id='word_1_102' title='bbox 693 1933 757 1978; x_wconf 86' lang='lat' dir='ltr'>rem</span> <span class='ocrx_word' id='word_1_103' title='bbox 771 1935 836 2000; x_wconf 74' lang='lat' dir='ltr'>esse</span> <span class='ocrx_word' id='word_1_104' title='bbox 850 1935 919 1978; x_wconf 89' lang='lat' dir='ltr'>oum</span> <span class='ocrx_word' id='word_1_105' title='bbox 929 1913 1080 1998; x_wconf 78' lang='lat' dir='ltr'>chirurgis.</span> 
     </span>
     <span class='ocr_line' id='line_1_19' title="bbox 161 1994 726 2072; baseline 0 -11"><span class='ocrx_word' id='word_1_106' title='bbox 161 1997 195 2061; x_wconf 89' lang='lat' dir='ltr'><em>V</em></span> <span class='ocrx_word' id='word_1_107' title='bbox 192 2019 213 2060; x_wconf 84' lang='lat' dir='ltr'>t.</span> <span class='ocrx_word' id='word_1_108' title='bbox 238 1996 321 2072; x_wconf 86' lang='lat' dir='ltr'>Quid</span> <span class='ocrx_word' id='word_1_109' title='bbox 335 1997 359 2059; x_wconf 92' lang='lat' dir='ltr'>si</span> <span class='ocrx_word' id='word_1_110' title='bbox 373 2010 520 2060; x_wconf 80' lang='lat' dir='ltr'>certemus</span> <span class='ocrx_word' id='word_1_111' title='bbox 533 1996 620 2061; x_wconf 76' lang='lat' dir='ltr'>unici</span> <span class='ocrx_word' id='word_1_112' title='bbox 634 1994 726 2061; x_wconf 69' lang='lat' dir='ltr'>tibist</span> 
     </span>
     <span class='ocr_line' id='line_1_20' title="bbox 155 2079 759 2164; baseline -0.003 -19"><span class='ocrx_word' id='word_1_113' title='bbox 155 2081 215 2145; x_wconf 86' lang='lat' dir='ltr'>La.</span> <span class='ocrx_word' id='word_1_114' title='bbox 239 2081 299 2144; x_wconf 88' lang='lat' dir='ltr'>lste</span> <span class='ocrx_word' id='word_1_115' title='bbox 314 2081 400 2144; x_wconf 93' lang='lat' dir='ltr'>ludus</span> <span class='ocrx_word' id='word_1_116' title='bbox 414 2095 459 2144; x_wconf 90' lang='lat' dir='ltr'>est</span> <span class='ocrx_word' id='word_1_117' title='bbox 473 2079 633 2164; x_wconf 81' lang='lat' dir='ltr'>Empusae3</span> <span class='ocrx_word' id='word_1_118' title='bbox 653 2081 759 2146; x_wconf 86' lang='lat' dir='ltr'>valcat.</span> 
     </span>
     <span class='ocr_line' id='line_1_21' title="bbox 162 2165 979 2250; baseline -0.001 -21"><span class='ocrx_word' id='word_1_119' title='bbox 162 2165 214 2230; x_wconf 84' lang='lat' dir='ltr'>Vi.</span> <span class='ocrx_word' id='word_1_120' title='bbox 238 2165 339 2230; x_wconf 76' lang='lat' dir='ltr'>Haste</span> <span class='ocrx_word' id='word_1_121' title='bbox 354 2165 487 2229; x_wconf 82' lang='lat' dir='ltr'>innixum</span> <span class='ocrx_word' id='word_1_122' title='bbox 501 2165 584 2228; x_wconf 84' lang='lat' dir='ltr'>salire</span> <span class='ocrx_word' id='word_1_123' title='bbox 597 2187 666 2230; x_wconf 91' lang='lat' dir='ltr'>cum</span> <span class='ocrx_word' id='word_1_124' title='bbox 681 2165 779 2249; x_wconf 86' lang='lat' dir='ltr'>primis</span> <span class='ocrx_word' id='word_1_125' title='bbox 794 2178 839 2228; x_wconf 87' lang='lat' dir='ltr'>est</span> <span class='ocrx_word' id='word_1_126' title='bbox 853 2167 979 2250; x_wconf 83' lang='lat' dir='ltr'>elegans.</span> 
     </span>
     <span class='ocr_line' id='line_1_22' title="bbox 85 2248 1083 2320; baseline 0 -6"><span class='ocrx_word' id='word_1_127' title='bbox 85 2313 89 2320; x_wconf 91' lang='grc'><em>,</em></span> <span class='ocrx_word' id='word_1_128' title='bbox 156 2251 217 2315; x_wconf 87' lang='lat' dir='ltr'>Lu.</span> <span class='ocrx_word' id='word_1_129' title='bbox 241 2249 404 2314; x_wconf 86' lang='lat' dir='ltr'>Liberalius</span> <span class='ocrx_word' id='word_1_130' title='bbox 419 2263 463 2312; x_wconf 89' lang='lat' dir='ltr'>est</span> <span class='ocrx_word' id='word_1_131' title='bbox 475 2263 586 2314; x_wconf 81' lang='lat' dir='ltr'>certare</span> <span class='ocrx_word' id='word_1_132' title='bbox 600 2265 709 2312; x_wconf 82' lang='lat' dir='ltr'>cursu·</span> <span class='ocrx_word' id='word_1_133' title='bbox 749 2249 780 2311; x_wconf 91' lang='lat' dir='ltr'>S&#39;</span> <span class='ocrx_word' id='word_1_134' title='bbox 801 2248 900 2312; x_wconf 88' lang='lat' dir='ltr'>uidem</span> <span class='ocrx_word' id='word_1_135' title='bbox 915 2251 972 2314; x_wconf 86' lang='lat' dir='ltr'>hoo</span> <span class='ocrx_word' id='word_1_136' title='bbox 987 2262 1083 2314; x_wconf 83' lang='lat' dir='ltr'>certa-</span> 
     </span>
     <span class='ocr_line' id='line_1_23' title="bbox 22 2331 908 2420; baseline -0.008 -18"><span class='ocrx_word' id='word_1_137' title='bbox 22 2369 26 2380; x_wconf 94' lang='lat'>·</span> <span class='ocrx_word' id='word_1_138' title='bbox 114 2337 199 2402; x_wconf 87' lang='lat' dir='ltr'>minis</span> <span class='ocrx_word' id='word_1_139' title='bbox 214 2356 304 2420; x_wconf 88' lang='lat' dir='ltr'>genus</span> <span class='ocrx_word' id='word_1_140' title='bbox 319 2334 397 2415; x_wconf 85' lang='lat' dir='ltr'>apud</span> <span class='ocrx_word' id='word_1_141' title='bbox 411 2331 564 2414; x_wconf 78' lang='lat' dir='ltr'>Vugilium</span> <span class='ocrx_word' id='word_1_142' title='bbox 579 2331 730 2415; x_wconf 87' lang='lat' dir='ltr'>proposuit</span> <span class='ocrx_word' id='word_1_143' title='bbox 743 2346 774 2394; x_wconf 87' lang='lat' dir='ltr'>et</span> <span class='ocrx_word' id='word_1_144' title='bbox 849 2354 908 2396; x_wconf 86' lang='lat' dir='ltr'>eas.</span> 
     </span>
     <span class='ocr_line' id='line_1_24' title="bbox 163 2415 1082 2500; baseline -0.005 -16"><span class='ocrx_word' id='word_1_145' title='bbox 163 2419 214 2484; x_wconf 80' lang='lat' dir='ltr'>Vt.</span> <span class='ocrx_word' id='word_1_146' title='bbox 238 2419 361 2494; x_wconf 84' lang='lat' dir='ltr'>Veriun,</span> <span class='ocrx_word' id='word_1_147' title='bbox 376 2415 428 2478; x_wconf 87' lang='lat' dir='ltr'>sed</span> <span class='ocrx_word' id='word_1_148' title='bbox 443 2415 522 2480; x_wconf 89' lang='lat' dir='ltr'>idem</span> <span class='ocrx_word' id='word_1_149' title='bbox 537 2415 687 2500; x_wconf 88' lang='lat' dir='ltr'>proposuit</span> <span class='ocrx_word' id='word_1_150' title='bbox 709 2428 739 2478; x_wconf 88' lang='lat' dir='ltr'>et</span> <span class='ocrx_word' id='word_1_151' title='bbox 760 2429 900 2480; x_wconf 85' lang='lat' dir='ltr'>oaestuum</span> <span class='ocrx_word' id='word_1_152' title='bbox 920 2431 1082 2494; x_wconf 74' lang='lat' dir='ltr'>conamen,</span> 
     </span>
     <span class='ocr_line' id='line_1_25' title="bbox 67 2499 399 2590; baseline -0.018 -22"><span class='ocrx_word' id='word_1_153' title='bbox 67 2499 69 2504; x_wconf 39' lang='lat'><strong>¹</strong></span> <span class='ocrx_word' id='word_1_154' title='bbox 116 2526 174 2590; x_wconf 87' lang='lat' dir='ltr'>quo</span> <span class='ocrx_word' id='word_1_155' title='bbox 188 2526 247 2566; x_wconf 89' lang='lat' dir='ltr'>nou</span> <span class='ocrx_word' id='word_1_156' title='bbox 262 2504 399 2564; x_wconf 89' lang='lat' dir='ltr'>delector.</span> 
     </span>
     <span class='ocr_line' id='line_1_26' title="bbox 158 2581 1085 2670; baseline 0 -22"><span class='ocrx_word' id='word_1_157' title='bbox 158 2587 218 2648; x_wconf 76' lang='lat' dir='ltr'>La,</span> <span class='ocrx_word' id='word_1_158' title='bbox 243 2587 374 2669; x_wconf 86' lang='lat' dir='ltr'>Designa</span> <span class='ocrx_word' id='word_1_159' title='bbox 395 2584 531 2647; x_wconf 87' lang='lat' dir='ltr'>stadium.</span> <span class='ocrx_word' id='word_1_160' title='bbox 583 2581 653 2647; x_wconf 89' lang='lat' dir='ltr'>Hoc</span> <span class='ocrx_word' id='word_1_161' title='bbox 675 2584 741 2648; x_wconf 89' lang='lat' dir='ltr'>loco</span> <span class='ocrx_word' id='word_1_162' title='bbox 765 2585 801 2648; x_wconf 87' lang='lat' dir='ltr'>sit</span> <span class='ocrx_word' id='word_1_163' title='bbox 824 2604 935 2663; x_wconf 75' lang='lat' dir='ltr'>cesoer,</span> <span class='ocrx_word' id='word_1_164' title='bbox 959 2605 1085 2670; x_wconf 87' lang='lat' dir='ltr'>quercus</span> 
     </span>
     <span class='ocr_line' id='line_1_27' title="bbox 115 2671 732 2733; baseline -0.006 -1"><span class='ocrx_word' id='word_1_165' title='bbox 115 2671 169 2733; x_wconf 86' lang='lat' dir='ltr'>ista</span> <span class='ocrx_word' id='word_1_166' title='bbox 183 2671 219 2730; x_wconf 92' lang='lat' dir='ltr'>sit</span> <span class='ocrx_word' id='word_1_167' title='bbox 233 2682 322 2730; x_wconf 86' lang='lat' dir='ltr'>meta.</span> <span class='ocrx_word' id='word_1_168' title='bbox 730 2693 732 2698; x_wconf 95' lang='lat'>·</span> 
     </span>
    </p>
   </div>
   <div class='ocr_carea' id='block_1_5' title="bbox 163 2747 1214 2848">
    <p class='ocr_par' dir='ltr' id='par_1_5' title="bbox 163 2747 1214 2848">
     <span class='ocr_line' id='line_1_28' title="bbox 163 2747 1214 2848; baseline -0.007 -32"><span class='ocrx_word' id='word_1_169' title='bbox 163 2752 196 2816; x_wconf 79' lang='lat' dir='ltr'><em>V</em></span> <span class='ocrx_word' id='word_1_170' title='bbox 194 2753 215 2814; x_wconf 84' lang='lat' dir='ltr'>i.</span> <span class='ocrx_word' id='word_1_171' title='bbox 240 2751 301 2813; x_wconf 86' lang='lat' dir='ltr'>Sed</span> <span class='ocrx_word' id='word_1_172' title='bbox 315 2750 426 2840; x_wconf 82' lang='lat' dir='ltr'>utinam</span> <span class='ocrx_word' id='word_1_173' title='bbox 441 2749 557 2811; x_wconf 83' lang='lat' dir='ltr'>adesset</span> <span class='ocrx_word' id='word_1_174' title='bbox 571 2747 692 2826; x_wconf 71' lang='lat' dir='ltr'>Encas,</span> <span class='ocrx_word' id='word_1_175' title='bbox 704 2751 754 2834; x_wconf 91' lang='lat' dir='ltr'>qui</span> <span class='ocrx_word' id='word_1_176' title='bbox 768 2765 911 2835; x_wconf 87' lang='lat' dir='ltr'>proponat</span> <span class='ocrx_word' id='word_1_177' title='bbox 924 2765 955 2816; x_wconf 85' lang='lat' dir='ltr'>et</span> <span class='ocrx_word' id='word_1_178' title='bbox 966 2751 1085 2848; x_wconf 82' lang='lat' dir='ltr'>praemia</span> <span class='ocrx_word' id='word_1_179' title='bbox 1199 2772 1214 2795; x_wconf 71' lang='lat'><em>0</em></span> 
     </span>
    </p>
   </div>
   <div class='ocr_carea' id='block_1_6' title="bbox 8 2851 1086 3338">
    <p class='ocr_par' dir='ltr' id='par_1_6' title="bbox 116 2851 977 3003">
     <span class='ocr_line' id='line_1_29' title="bbox 116 2851 977 3003; baseline -0.002 -19"><span class='ocrx_word' id='word_1_180' title='bbox 116 2851 228 2984; x_wconf 42' lang='lat' dir='ltr'>Vlclldl&#39;</span> <span class='ocrx_word' id='word_1_181' title='bbox 241 2890 485 2980; x_wconf 67' lang='lat' dir='ltr'>victos-‘abunde</span> <span class='ocrx_word' id='word_1_182' title='bbox 500 2936 638 2998; x_wconf 85' lang='lat' dir='ltr'>magnum</span> <span class='ocrx_word' id='word_1_183' title='bbox 652 2917 804 3003; x_wconf 85' lang='lat' dir='ltr'>praemium</span> <span class='ocrx_word' id='word_1_184' title='bbox 819 2932 864 2982; x_wconf 90' lang='lat' dir='ltr'>est</span> <span class='ocrx_word' id='word_1_185' title='bbox 877 2920 977 3002; x_wconf 86' lang='lat' dir='ltr'>gloria.</span> 
     </span>
    </p>

    <p class='ocr_par' dir='ltr' id='par_1_7' title="bbox 8 2999 1086 3338">
     <span class='ocr_line' id='line_1_30' title="bbox 163 2999 1084 3089; baseline 0 -21"><span class='ocrx_word' id='word_1_186' title='bbox 163 3003 218 3068; x_wconf 81' lang='lat' dir='ltr'>Vi.</span> <span class='ocrx_word' id='word_1_187' title='bbox 231 3001 331 3088; x_wconf 72' lang='lat' dir='ltr'>⁴Victo</span> <span class='ocrx_word' id='word_1_188' title='bbox 342 2999 438 3082; x_wconf 79' lang='lat' dir='ltr'>potiris</span> <span class='ocrx_word' id='word_1_189' title='bbox 463 3000 593 3062; x_wconf 87' lang='lat' dir='ltr'>dandum</span> <span class='ocrx_word' id='word_1_190' title='bbox 608 3013 671 3062; x_wconf 81' lang='lat' dir='ltr'>erat</span> <span class='ocrx_word' id='word_1_191' title='bbox 692 3002 960 3089; x_wconf 30' lang='lat' dir='ltr'>proemium-solatii</span> <span class='ocrx_word' id='word_1_192' title='bbox 982 3003 1084 3086; x_wconf 74' lang='lat' dir='ltr'>gratia.</span> 
     </span>
     <span class='ocr_line' id='line_1_31' title="bbox 8 3083 1085 3187; baseline -0.003 -34"><span class='ocrx_word' id='word_1_193' title='bbox 8 3153 10 3176; x_wconf 12' lang='lat' dir='ltr'>g</span> <span class='ocrx_word' id='word_1_194' title='bbox 117 3173 124 3187; x_wconf 33' lang='grc' dir='ltr'>ι</span> <span class='ocrx_word' id='word_1_195' title='bbox 157 3088 219 3152; x_wconf 85' lang='lat' dir='ltr'>La.</span> <span class='ocrx_word' id='word_1_196' title='bbox 242 3087 287 3151; x_wconf 89' lang='lat' dir='ltr'>Sit</span> <span class='ocrx_word' id='word_1_197' title='bbox 301 3084 385 3169; x_wconf 86' lang='lat' dir='ltr'>igitur</span> <span class='ocrx_word' id='word_1_198' title='bbox 399 3083 476 3146; x_wconf 87' lang='lat' dir='ltr'>victo</span> <span class='ocrx_word' id='word_1_199' title='bbox 491 3083 653 3166; x_wconf 85' lang='lat' dir='ltr'>praemium,</span> <span class='ocrx_word' id='word_1_200' title='bbox 664 3097 696 3148; x_wconf 90' lang='lat' dir='ltr'>ut</span> <span class='ocrx_word' id='word_1_201' title='bbox 710 3084 800 3169; x_wconf 70' lang='lat' dir='ltr'>lappi</span> <span class='ocrx_word' id='word_1_202' title='bbox 812 3100 967 3150; x_wconf 85' lang='lat' dir='ltr'>coronatus</span> <span class='ocrx_word' id='word_1_203' title='bbox 981 3087 1085 3150; x_wconf 83' lang='lat' dir='ltr'>redeat</span> 
     </span>
     <span class='ocr_line' id='line_1_32' title="bbox 116 3174 1086 3338; baseline 0.004 -22"><span class='ocrx_word' id='word_1_204' title='bbox 116 3193 145 3235; x_wconf 71' lang='lat' dir='ltr'><strong>m</strong></span> <span class='ocrx_word' id='word_1_205' title='bbox 160 3174 396 3338; x_wconf 55' lang='lat' dir='ltr'>llllenllquidem</span> <span class='ocrx_word' id='word_1_206' title='bbox 424 3269 482 3316; x_wconf 89' lang='lat' dir='ltr'>non</span> <span class='ocrx_word' id='word_1_207' title='bbox 510 3247 678 3328; x_wconf 75' lang='lat' dir='ltr'>recd&#39;stlrim,</span> <span class='ocrx_word' id='word_1_208' title='bbox 705 3253 729 3318; x_wconf 92' lang='lat' dir='ltr'>si</span> <span class='ocrx_word' id='word_1_209' title='bbox 757 3266 790 3318; x_wconf 90' lang='lat' dir='ltr'>tu</span> <span class='ocrx_word' id='word_1_210' title='bbox 827 3253 977 3337; x_wconf 79' lang='lat' dir='ltr'>procedas</span> <span class='ocrx_word' id='word_1_211' title='bbox 1013 3252 1086 3320; x_wconf 72' lang='lat' dir='ltr'>tibiis</span> 
     </span>
    </p>
   </div>
   <div class='ocr_carea' id='block_1_7' title="bbox 8 3357 237 3424">
    <p class='ocr_par' dir='ltr' id='par_1_8' title="bbox 8 3357 237 3424">
     <span class='ocr_line' id='line_1_33' title="bbox 8 3357 237 3424; baseline 0.009 -24"><span class='ocrx_word' id='word_1_212' title='bbox 8 3359 10 3424; x_wconf 48' lang='grc' dir='ltr'><strong>ᾗ</strong></span> <span class='ocrx_word' id='word_1_213' title='bbox 115 3357 237 3402; x_wconf 81' lang='lat' dir='ltr'>canens.</span> 
     </span>
    </p>
   </div>
   <div class='ocr_carea' id='block_1_8' title="bbox 158 3417 920 3572">
    <p class='ocr_par' dir='ltr' id='par_1_9' title="bbox 158 3417 920 3572">
     <span class='ocr_line' id='line_1_34' title="bbox 158 3417 891 3503; baseline 0.01 -23"><span class='ocrx_word' id='word_1_214' title='bbox 158 3417 218 3484; x_wconf 86' lang='lat' dir='ltr'>Lo.</span> <span class='ocrx_word' id='word_1_215' title='bbox 244 3421 298 3484; x_wconf 85' lang='lat' dir='ltr'>Est</span> <span class='ocrx_word' id='word_1_216' title='bbox 314 3421 413 3503; x_wconf 89' lang='lat' dir='ltr'>ingens</span> <span class='ocrx_word' id='word_1_217' title='bbox 428 3432 523 3485; x_wconf 75' lang='lat' dir='ltr'>astus.</span> <span class='ocrx_word' id='word_1_218' title='bbox 882 3483 891 3498; x_wconf 85' lang='grc'><strong><em>,</em></strong></span> 
     </span>
     <span class='ocr_line' id='line_1_35' title="bbox 164 3495 920 3572; baseline 0.011 -10"><span class='ocrx_word' id='word_1_219' title='bbox 164 3499 218 3564; x_wconf 81' lang='lat' dir='ltr'>Vt.</span> <span class='ocrx_word' id='word_1_220' title='bbox 242 3505 309 3567; x_wconf 86' lang='lat' dir='ltr'>Neo</span> <span class='ocrx_word' id='word_1_221' title='bbox 324 3505 429 3572; x_wconf 87' lang='lat' dir='ltr'>mirum</span> <span class='ocrx_word' id='word_1_222' title='bbox 443 3504 512 3570; x_wconf 80' lang='lat' dir='ltr'>clim</span> <span class='ocrx_word' id='word_1_223' title='bbox 526 3503 562 3568; x_wconf 88' lang='lat' dir='ltr'>sit</span> <span class='ocrx_word' id='word_1_224' title='bbox 577 3502 730 3569; x_wconf 85' lang='lat' dir='ltr'>solstitium</span> <span class='ocrx_word' id='word_1_225' title='bbox 744 3495 886 3570; x_wconf 74' lang='lat' dir='ltr'>astimr&#39;ri</span> <span class='ocrx_word' id='word_1_226' title='bbox 905 3540 920 3570; x_wconf 68' lang='lat' dir='ltr'>-r</span> 
     </span>
    </p>
   </div>
   <div class='ocr_carea' id='block_1_9' title="bbox 9 3675 119 3762">
    <p class='ocr_par' dir='ltr' id='par_1_10' title="bbox 9 3675 119 3762">
     <span class='ocr_line' id='line_1_36' title="bbox 9 3675 119 3762; baseline 0 -32"><span class='ocrx_word' id='word_1_227' title='bbox 9 3675 10 3762; x_wconf 27' lang='lat' dir='ltr'><strong>j</strong></span> <span class='ocrx_word' id='word_1_228' title='bbox 91 3679 119 3730; x_wconf 73' lang='grc' dir='ltr'><strong><em>Ι</em></strong></span> 
     </span>
    </p>
   </div>
   <div class='ocr_carea' id='block_1_10' title="bbox 0 0 1248 4038">
    <p class='ocr_par' dir='ltr' id='par_1_11' title="bbox 0 0 1248 4038">
     <span class='ocr_line' id='line_1_37' title="bbox 0 0 1248 4038; baseline 0 0"><span class='ocrx_word' id='word_1_229' title='bbox 0 0 1248 4038; x_wconf 95' lang='lat' dir='ltr'> </span> 
     </span>
    </p>
   </div>
  </div>
 </body>
</html>
