2472 4038
577 262 625 333 76
700 249 703 253 ⁵

572 445 628 511 34.

418 567 530 622 naras
560 567 609 622 nr
640 533 787 623 ansus(

98 743 102 748 ,
164 678 263 742 Abies
283 678 394 741 rubum
418 679 592 762 despiciens
606 680 635 742 ei
656 679 871 760 exprobrabat,
893 678 975 759 quod
997 679 1074 743 nulli

122 772 204 858 esset
218 763 297 839 usui,
311 764 382 826 edm
396 763 463 845 ipsa
477 763 568 826 tectis
586 773 619 826 et
632 763 775 826 domibus
789 764 966 855 extruendis
980 763 1076 826 inser-

123 857 225 993 vutellii
240 929 303 1005 ille,
315 921 386 992 'Nisi
401 929 468 1006 tibi,
482 929 513 992 Ο
531 929 662 1006 misella,
676 951 694 992 c
718 930 866 994 memorial
890 929 1076 993 excidissent

122 1015 239 1076 securis
253 1023 286 1074 et
300 1034 393 1090 serra,
408 1035 478 1095 quae
498 1024 529 1078 te
544 1013 750 1091 cxsciderunt‚
764 1013 872 1078 malles
892 1015 966 1078 san'e
980 1014 1076 1076 rubus

122 1117 191 1161 esse
205 1095 297 1179 quim
311 1095 411 1161 abies

572 1246 623 1304 35.
863 1302 864 1313 Ν

330 1363 581 1420 nrcnnroans
611 1363 661 1417 nr
680 1323 872 1424 ennacos.

165 1471 243 1534 Crini
257 1469 334 1535 forte
349 1469 518 1552 lignatores
532 1491 681 1552 quercum
701 1471 899 1552 diffinderent
913 1470 1020 1534 cuneis
1038 1491 1076 1534 ex

123 1554 162 1617 ed
175 1553 274 1631 lactis,
288 1554 349 1616 illis
362 1553 510 1616 dicebat:
531 1553 604 1618 Non
618 1575 668 1617 me
683 1564 745 1618 tarn
759 1555 840 1618 male
854 1553 980 1632 habea*
994 1553 1076 1636 quod

123 1638 240 1700 securis
254 1638 367 1701 ictibus
389 1637 474 1700 humi
494 1647 646 1732 prostrata
657 1638 791 1721 jaceam,
805 1640 897 1720 qudm
917 1639 1000 1721 qudd
1021 1659 1076 1702 cu·
1189 1684 1195 1694 .

122 1719 190 1784 nais
205 1721 270 1784 istis
284 1720 415 1785 lacerari
423 1720 504 1784 ›mihr
518 1721 661 1803 contigit

572 1886 625 1946 36.

413 1997 546 2055 MURES
576 1997 627 2054 ΕΤ
657 1996 785 2054 FELES.

164 2099 307 2165 Muribus
320 2099 439 2200 bellum
453 2110 520 2164 erat
544 2091 688 2166 adversus
713 2099 801 2165 feles.
845 2099 999 2185 Perpetuo
1021 2121 1075 2165 au·

122 2196 187 2250 tern
200 2184 274 2248 victi
296 2205 398 2248 mures
418 2185 451 2248 in
472 2205 542 2248 earn
563 2183 651 2246 ibant
672 2185 868 2261 sententiam,
882 2206 915 2248 se
931 2205 950 2246 a
964 2185 1075 2250 felibus

122 2270 193 2334 ideb
208 2279 367 2352 superatos
381 2289 458 2345 esse,
473 2267 557 2349 quod
571 2266 685 2329 nullius
699 2277 880 2350 regerentur
893 2268 1034 2350 irnperio.

165 2352 330 2417 Communi
359 2353 464 2433 itaque
496 2370 651 2423 consensu
671 2350 768 2413 duces
790 2351 848 2413 sibi
868 2347 1098 2434 delegerunt3‘

122 2438 187 2518 qui,
204 2446 240 2500 ut
253 2436 482 2518 conspectiores
497 2435 606 2498 fierent
626 2434 758 2510 catoris,
773 2455 891 2498 cornua
905 2435 964 2498 sibi
977 2437 1074 2521 adap-

121 2521 236 2582 tarunt.
280 2521 356 2590 Non
374 2520 471 2586 multi>
493 2530 597 2582 autern
611 2519 681 2600 post
702 2539 808 2600 pugna
829 2519 993 2582 commissa
1006 2531 1075 2584 est:

120 2623 223 2664 mures
252 2604 364 2675 iterum
384 2604 458 2665 victi
480 2604 601 2667 cessdre
613 2625 623 2681 ;
645 2613 677 2664 et
695 2601 773 2684 lugd
794 2603 906 2684 dilapsi
928 2603 1018 2666 facile
1039 2605 1074 2666 in

57 2678 72 2706 '
121 2685 304 2748 latebrosae
323 2697 517 2766 receperunt.
562 2687 606 2748 At
629 2685 761 2746 ducibus
784 2685 904 2748 obstitit
924 2705 1075 2750 cornuum

120 2767 323 2851 magnitudo:
345 2767 430 2849 capti
444 2768 549 2849 itaque
563 2768 673 2830 misere
688 2768 908 2832 dilacerantur.

574 2911 624 2968 37.

523 3019 670 3088 LUPUS.†

162 3124 280 3205 Lupus,
294 3122 365 3185 clim
378 3121 498 3184 videret
512 3143 545 3184 sc
561 3122 694 3186 fluminis
716 3121 878 3204 imperium
891 3135 1009 3205 tencre,
1021 3147 1073 3190 su·

120 3206 229 3288 perbid
242 3207 343 3270 elatus
355 3206 387 3268 in
409 3217 493 3268 mare
508 3206 665 3269 enatavit:
687 3208 743 3270 sed
763 3207 807 3270 ibi
828 3209 950 3274 territus
964 3230 1074 3291 aspec-

120 3289 322 3435 tud'dplphini
349 3288 431 3373 regis
451 3289 570 3366 marini,
592 3290 735 3356 celeriter
767 3291 799 3354 in
831 3313 921 3358 suurn
949 3314 1074 3359 onmem
1167 3289 1177 3296 “

120 3391 153 3435 re
177 3395 221 3435 n.
283 3399 290 3416 =

10 3587 13 3598 r
120 3519 870 3632 *Nonnesammonerrrlnmnotsomuchrffltoted.
914 3559 1073 3627 tl'lrcpilre
