2472 4038
575 175 711 282 ss'

159 385 226 456 Qui
240 386 322 452 bene
335 388 419 467 vivit,
433 389 516 454 bene
530 391 677 468 nescitur,
691 390 773 454 bene
787 390 924 455 moritur.
1016 405 1019 412 ’

157 469 402 536 Pulcherrimum
415 474 587 537 nobilitatis
600 494 700 557 genus
722 484 779 552 est,
801 495 895 557 quum
913 472 972 537 sibi
987 475 1071 555 quis·

115 575 175 636 que
191 556 324 637 propriis
338 557 502 620 virtutibus
517 557 675 620 conciliat.

96 693 99 698 .
157 637 288 708 Quanto
302 640 494 718 nobiliores,
509 651 595 704 tento
609 640 730 704 ceutiirr
744 640 967 723 turpitudinem
989 641 1070 724 firgi-

113 729 168 784 to:
189 722 267 784 nihil
289 722 387 807 mugis
407 735 598 806 posterorum
616 723 754 786 maculas
768 724 877 807 aperit,
891 724 984 806 qudm
1004 745 1069 788 ma-

109 803 213 888 jorum
226 807 372 888 splendor
386 819 419 870 et
432 807 541 890 gloria.

157 890 228 973 Age
250 891 368 972 aliquid
392 890 575 972 praeclerum
600 900 633 954 et
660 900 704 967 tu,
728 890 754 953 si
775 891 821 954 vis
843 911 911 954 esse
933 891 1066 972 nobilis;

113 973 245 1056 majores
260 975 304 1037 tui
320 975 413 1048 enim,
435 974 494 1036 nisi
518 973 636 1055 aliquid
657 974 796 1060 egissent
815 975 907 1038 laude
928 975 1067 1059 dignum,

112 1077 271 1137 nunquam
285 1057 409 1122 nobiles
423 1057 562 1120 luissent.

155 1141 259 1204 Satius
272 1151 329 1219 est,
354 1141 455 1225 inquit
475 1142 597 1220 Cicero,
619 1141 699 1226 meis
713 1141 810 1226 gestis
831 1142 951 1220 florere,
973 1142 1068 1224 quim

111 1223 261 1308 majorum
276 1225 358 1290 lamb
371 1227 427 1290 uti.
756 1235 759 1242 '

431 1333 745 1390 MAGNANIMITM.

156 1415 244 1480 Nihil
267 1438 416 1503 magnum
436 1431 485 1484 est
506 1420 539 1482 in
555 1419 648 1482 rebus
661 1418 812 1498 humenis,
833 1419 897 1500 nisi
913 1439 1001 1484 mens
1021 1420 1068 1484 in·

112 1501 233 1584 trepida
247 1502 405 1584 periculis,
419 1503 502 1568 mitis
516 1504 549 1568 in
563 1503 667 1566 hostes
680 1502 830 1581 devictos,
844 1503 952 1568 amicis
968 1515 1066 1588 grets,

110 1585 233 1648 cunetis
247 1586 381 1669 denique
396 1587 560 1652 benevole.

153 1668 373 1753 Magnanimus
386 1681 448 1736 stat
461 1681 564 1736 rectus
578 1674 637 1737 sub
656 1667 798 1755 q'uolibet
819 1671 968 1754 pondere,
982 1671 1067 1736 nulle

110 1751 198 1815 illum
211 1774 260 1816 res
273 1754 424 1818 minorem
438 1755 534 1819 facit:
555 1757 704 1839 quicquid
718 1756 832 1821 cadere
855 1756 888 1818 in
908 1755 1066 1820 homiuem

110 1845 222 1918 potest,
237 1837 269 1900 in
284 1858 317 1901 se
341 1839 493 1904 cecidisse
515 1861 578 1904 non
599 1841 758 1924 queritur3
779 1840 859 1904 uires
872 1859 944 1904 sues
957 1840 1066 1920 novit3

8 1953 11 1960 =
109 1919 206 1983 vincit
219 1919 330 1986 virtute
345 1921 508 1992 fortunam.
558 1983 560 1988 ,

152 2003 220 2066 Eris
233 2003 458 2090 magnanimus,
481 2008 517 2096 si·
528 2009 669 2092 pericula
688 2031 751 2076 uon
766 2017 896 2092 oppetes
917 2017 953 2072 ut
966 2017 1064 2074 teme·
1134 2009 1137 2014 '
1225 2046 1226 2099 i

109 2086 217 2164 rarius,
231 2109 292 2153 nee
306 2089 451 2156 formides
465 2102 501 2155 ut
514 2093 650 2158 timidus.

151 2171 182 2234 Ο
196 2173 287 2254 quim
301 2178 531 2270 contemnenda
548 2199 597 2243 res
618 2189 667 2244 est
686 2178 790 2256 home,
811 2175 871 2240 nisi
892 2195 986 2259 supra
1007 2175 1064 2240 hu·

108 2269 384 2323 manssurrexent.

479 2365 686 2422 Mouusum.

151 2449 350 2516 verecundie
362 2463 410 2518 est
430 2454 573 2518 omnibus
594 2454 748 2532 statibus,
771 2451 919 2537 personis,
942 2460 1063 2534 tempo-

108 2533 202 2612 ribus,
224 2547 258 2600 et
279 2537 357 2600 loeis
375 2548 467 2620 apts3
488 2539 702 2603 adolescentes
724 2548 829 2602 tumen
846 2535 1062 2622 juvenilesque

108 2637 205 2680 annos
219 2620 351 2683 maxime
365 2621 470 2685 decet.

150 2701 256 2768 Quum
280 2702 410 2782 pulchra
432 2715 466 2766 et
493 2707 585 2785 qubm
613 2705 776 2786 splendide
798 2723 923 2788 gemma
942 2723 1063 2764 morum

107 2793 156 2846 est
169 2784 330 2862 modestis,
345 2797 377 2848 et
391 2786 423 2848 in
437 2787 508 2864 vitri,
522 2799 555 2852 et
569 2789 601 2851 in
615 2787 701 2850 vultu
716 2785 944 2850 adolescentis!
970 2788 1063 2866 quim

108 2889 180 2930 vers
193 2877 226 2932 et
238 2867 363 2932 minime
377 2869 474 2933 dubia
495 2872 586 2936 bonae
611 2871 678 2954 spei
703 2869 822 2948 nuntia,
842 2869 934 2933 bonae
950 2869 1063 2933 indolis

108 2951 212 3014 index.
813 3003 818 3026 ,

150 3035 258 3100 Plures
284 3037 410 3118 pudore
431 3039 595 3120 peccandi,
623 3040 715 3120 quim
738 3037 823 3103 bonit
853 3037 1012 3102 voluntate
1043 3033 1084 3100 ε’

109 3120 271 3203 prohibitis
286 3120 453 3184 abstinent.
867 3169 871 3178 r

150 3203 309 3287 Diogenes
337 3205 604 3270 adolescentulum
631 3207 795 3272 inhonesto
818 3204 915 3270 verbo
937 3204 1064 3269 erubes»

109 3297 241 3365 centem,
262 3287 392 3374 Confido,
407 3289 516 3372 inquit,
521 3289 585 3375 fitt,
599 3291 673 3355 bicce
686 3290 764 3355 color
779 3290 891 3354 virtutib
905 3298 954 3353 est.

496 3413 673 3468 VERITAS.

151 3495 238 3589 Nihil
253 3499 383 3565 veritate
397 3502 534 3567 sanctius
547 3512 581 3566 et
594 3501 757 3585 pretiosius
772 3499 878 3566 haberi
891 3498 997 3563 debet.
1074 3512 1076 3516 ·
