2472 4038
555 199 559 203 ’
590 229 658 303 rao

121 417 130 430 ‘
181 407 237 472 Oh.
262 409 304 474 Et
318 411 442 474 habetur
455 424 516 474 rstrs
529 424 607 474 tanta
620 409 713 473 fides?
775 471 779 478 ,

176 490 230 554 Al.
255 493 339 568 Quid
367 517 425 558 non
455 509 551 578 potest
575 493 710 557 simulata
732 493 854 575 religio?
885 491 1012 554 Accedit
1039 491 1103 555 huc

137 571 287 656 juventus,
309 599 406 640 rerum
431 579 582 661 inperitia,
605 577 700 660 glorie
720 577 789 651 sitia,
803 577 855 652 ira,
870 575 983 636 animus
1006 575 1044 636 ad
1068 577 1104 638 id

133 657 193 800 pub
206 674 325 724 vocatur
338 661 443 724 natural
464 682 631 744 propensus.
676 659 732 722 His
757 657 842 722 facilb
864 659 1028 742 imponitur,
1042 679 1104 721 nec

155 741 252 836 idicile
266 746 433 829 perpellitur
446 747 604 829 plaustrum
619 743 720 828 suipra
735 757 836 826 sponte
851 743 1040 826 propendens
1061 743 1102 805 ad
1153 747 1163 760 '

133 843 255 890 rumam.
378 883 385 891 ,

120 930 125 934 ·
182 907 234 972 ct.
259 910 325 994 Ego
339 911 398 974 istis
413 911 582 974 animalibus
596 911 701 974 lubens
715 910 823 992 aliquid
837 910 906 972 boni
920 909 1026 971 socero.
1045 951 1051 958 -

176 991 232 1054 At.
255 995 376 1077 Appara
389 996 500 1056 lautum
515 994 702 1069 convivium
723 994 794 1055 nihil
810 1007 894 1076 potes
908 993 1024 1076 gratius.

182 1074 237 1138 ct.
262 1077 312 1140 Ex
334 1079 445 1156 malvis,
460 1078 565 1161 lupinis
588 1091 618 1140 et
640 1077 752 1161 porris3
774 1098 844 1138 nam
866 1077 946 1159 apud
967 1097 1020 1137 nos
1041 1098 1103 1140 non

134 1156 188 1220 alia
203 1174 256 1237 est,
270 1176 303 1224 ut
315 1161 381 1238 scis,
398 1183 519 1226 annona.

175 1240 230 1304 At.
253 1243 371 1308 Imber
386 1246 561 1330 perdicibus,
573 1245 653 1328 capis
664 1258 694 1308 et
703 1243 857 1328 phasianis,
868 1244 892 1306 si
902 1243 945 1306 vis
959 1263 1024 1306 esse
1035 1265 1102 1328 gra·
1208 1256 1213 1267 '

46 1391 49 1406 ¹
133 1337 179 1386 tus
193 1327 367 1390 convivator.

181 1407 232 1471 Ch.
257 1411 318 1473 Sed
333 1434 396 1497 qua
411 1432 457 1474 res
471 1413 540 1474 istos
561 1425 661 1474 movet
682 1427 715 1474 ut
736 1424 887 1494 tantopere
909 1425 1103 1496 promoveant

133 1490 262 1569 bellum3
284 1509 334 1560 aut
348 1496 418 1579 quid
432 1495 500 1558 hinc
515 1509 629 1558 metunt
642 1494 810 1558 commodi?

176 1574 231 1638 At.
255 1577 337 1651 Quia
351 1580 415 1662 plus
429 1579 618 1641 emolumenti
632 1579 779 1662 capiunto
801 1577 987 1640 morientibus
1010 1577 1100 1660 quim

134 1679 174 1720 ex
188 1660 268 1723 vivis.
313 1661 388 1725 Sunt
401 1675 575 1725 testamenta
588 1662 756 1745 parentalia,
771 1661 866 1736 bullae,
881 1661 1028 1743 multaque
1044 1661 1101 1722 alia

134 1761 192 1802 non
214 1745 396 1826 aspernanda
419 1745 520 1820 lucra;
542 1744 678 1828 denique,
693 1746 804 1807 malunt
825 1743 854 1806 in
875 1743 976 1805 castris
991 1744 1099 1805 versari

135 1844 223 1907 quam
236 1826 266 1888 in
279 1828 338 1890 suis
353 1829 520 1890 alvearibus.
565 1827 684 1890 Bellum
699 1828 807 1891 multos
820 1827 909 1911 gignit
920 1825 1098 1910 Episcopus,

134 1907 184 1990 qui
198 1909 228 1970 in
242 1929 317 1992 pace
331 1929 370 1972 ne
384 1910 507 1974 temnoii
521 1911 639 1994 quidem
653 1911 768 1974 fiebant.

182 1990 238 2055 Ch.
263 1992 395 2076 Sapiunt.
773 1993 775 1997 ’

178 2075 230 2138 At.
254 2075 316 2139 Sed
331 2077 400 2161 quid
414 2097 487 2160 opus
501 2091 546 2140 est
559 2077 687 2141 triremi?
974 2147 978 2152 ,

135 2241 152 2306 s
182 2159 237 2222 Oh.
261 2159 351 2237 Nihil,
366 2161 389 2224 si
404 2161 491 2224 velirn
505 2161 535 2226 in
554 2161 652 2224 medii
672 2161 778 2244 palude
800 2181 896 2223 rursus
918 2160 1100 2244 naufragium

148 2265 242 2306 acere.

137 2390 141 2396 .
177 2326 231 2390 Al.
254 2327 305 2391 Ob
319 2327 551 2390 multitudinem?

183 2411 239 2474 ct.
262 2411 392 2474 Scilicet.

177 2493 233 2558 At.
265 2495 307 2557 At
327 2495 355 2556 ui
382 2494 498 2556 umbras
523 2495 615 2570 vehis,
640 2515 700 2556 non
724 2515 856 2578 corpora.
914 2493 1100 2567 Quantulum

111 2631 113 2634 .
135 2591 232 2640 autem
247 2516 381 2660 ponderis
395 2577 503 2641 habent
517 2579 646 2640 umbraei

183 2660 239 2722 Ob.
262 2660 328 2723 Sint
342 2661 448 2743 tipulae,
459 2675 556 2724 umen
571 2661 724 2744 tipularum
735 2674 812 2724 tanta
822 2662 865 2723 vis
880 2681 944 2724 esse
959 2675 1055 2744 potest
1069 2676 1102 2724 ut

135 2757 256 2806 onerent
282 2744 430 2826 cymbam.
488 2741 580 2820 Tum,
609 2744 664 2806 scis
691 2757 722 2806 et
750 2746 887 2827 cymbam
915 2745 1101 2809 umbratilem

135 2847 210 2890 csse.
718 2870 724 2879 ,

177 2908 231 2973 At.
256 2909 297 2971 At
309 2929 365 2992 ego
379 2911 498 2972 memini
512 2911 612 2974 videre
627 2931 685 2988 me,
700 2911 769 2974 oiim
784 2926 860 2975 esset
880 2913 982 2995 ingens
1004 2912 1100 2988 turba,

135 3015 191 3066 nec
206 2993 314 3076 cymba
326 3009 443 3076 caperet
456 3015 557 3056 omnes
571 3015 589 3056 a
603 2995 687 3057 clavo
700 3009 750 3057 tuo
764 2995 816 3058 tria
829 2996 917 3058 millia
930 2998 1099 3059 umbrarum

135 3078 263 3160 pendere
277 3097 493 3159 nonnunquam,
508 3099 564 3140 nec
578 3091 609 3140 tu
624 3079 738 3161 pondus
753 3080 842 3141 ullum
857 3080 1013 3142 sentiebas.

183 3160 239 3224 ct.
263 3158 372 3222 Fateor
385 3161 456 3223 tales
471 3181 534 3222 esse
550 3161 659 3224 animas
674 3184 737 3246 quae
752 3163 888 3246 paulatim
903 3162 1103 3246 demigrbrunt

135 3241 153 3304 ὲ
167 3265 288 3327 corpore
299 3243 407 3328 phthisi
417 3257 467 3306 aut
476 3243 592 3308 hectiob
601 3260 725 3310 tenuato.
771 3245 917 3310 Caeterum
930 3267 993 3329 que
1005 3245 1102 3307 subito

134 3329 310 3390 revelluntur
324 3349 342 3390 a
355 3347 451 3390 crasso
465 3349 587 3410 corpore
602 3330 725 3392 multum
741 3351 885 3415 corporeae
900 3329 983 3392 molis
996 3349 1101 3390 secum

134 3409 238 3472 ferunt.
283 3411 374 3474 Tales
390 3425 485 3486 autem
502 3412 589 3476 mittit
609 3414 775 3497 apoplexia,
790 3415 947 3498 synanche,
962 3413 1102 3497 pestilen-

133 3490 182 3569 tia,
196 3493 249 3555 sed
264 3495 410 3578 precipue
425 3496 545 3558 bellum.
762 3501 775 3512 '
