2492 4038
564 259 612 356 ee

110 449 229 517 oenmt,
244 459 412 524 regemque
427 439 486 504 sibi
508 450 693 504 creaverunt
712 437 932 503 Jeroboamum
946 460 964 503 e
980 439 1061 504 tribu

109 522 279 605 Ephraimi.
337 524 417 587 Duae
446 526 564 586 tanturn
585 525 683 587 tribus
714 523 747 586 in
783 523 844 586 fide
873 535 1061 600 manserunt,

108 607 232 670 scilicet
246 608 344 672 tribus
358 607 448 670 Judae
464 617 497 670 et
511 607 608 671 tribus
622 607 807 692 Benjnmini.

151 690 206 762 Sic
228 692 291 754 duo
313 713 352 754 ex
372 713 435 754 uno
462 713 560 776 regnu
587 692 670 755 factu
698 701 779 768 sunt,
808 689 939 755 alterurn
960 690 1061 768 tude,

108 772 240 837 alterurn
255 774 388 838 israelis.

150 857 365 936 Jeroboemus,
380 869 414 921 ut
428 859 578 942 populum
593 881 682 922 suum
703 881 724 926 a
745 859 970 922 consuetudine
985 879 1062 922 eun-

107 942 141 1004 di
165 941 414 1025 Hierosolymam
439 944 620 1020 abduceret,
635 943 791 1026 propriam
812 943 995 1027 religionem
1016 943 1062 1006 eis

106 1025 252 1107 instituit,
265 1036 299 1090 et
313 1025 405 1090 falsos
419 1026 495 1092 deos
510 1028 671 1110 proposuit
684 1027 844 1090 colendos.
917 1078 921 1084 .

549 1171 619 1230 135.
669 1156 672 1165 '

152 1285 226 1350 Non
247 1288 302 1350 diu
324 1287 410 1352 stetit
430 1309 561 1372 regmun
582 1287 798 1364 israeliticum,
813 1286 887 1369 quio
900 1307 1007 1350 omnes
1022 1289 1062 1350 ad
1166 1322 1178 1337 ·

106 1391 205 1434 unum
218 1392 310 1455 reges
324 1371 448 1436 fuerunt
462 1373 559 1454 impii.
887 1425 891 1432 .

150 1455 202 1518 Ad
226 1477 282 1520 eos
295 1457 382 1520 Deus
396 1477 480 1539 saepe
501 1457 586 1518 misit
606 1456 783 1538 prophetas,
804 1454 858 1538 qui
879 1474 934 1518 eos
955 1456 1061 1519 admo·

106 1552 227 1618 nerent,
241 1550 274 1603 et
296 1541 336 1604 nd
356 1561 463 1604 verum
483 1540 603 1603 cultum
624 1549 826 1620 revocarent3
847 1539 902 1602 sed
923 1540 969 1602 iili
982 1545 1061 1622 'pro-
1095 1543 1099 1550 '

107 1622 271 1704 phetarum
285 1625 410 1688 monitis
430 1645 493 1688 non
515 1633 692 1714 pnruepunt,
707 1624 769 1687 imo
783 1645 838 1687 eos
852 1624 1060 1701 contumeliis,
1155 1694 1158 1702 ¹

108 1709 218 1788 poenis,
232 1720 341 1785 morte,
355 1707 537 1772 affecerunt.

150 1791 258 1860 Quare
274 1793 375 1860 ,iratus
395 1791 481 1856 Deus
502 1789 572 1854 illos
593 1792 626 1854 in
647 1800 833 1874 potestatem
851 1790 987 1854 hostium
1001 1801 1061 1855 tra·

107 1874 205 1937 didit:
225 1874 341 1938 devicti
363 1886 435 1940 sunt
456 1897 475 1939 a
495 1896 528 1939 re
552 1897 570 1938 e
593 1874 796 1958 Assyriorum,
810 1875 863 1956 qui
881 1875 993 1940 decom
1009 1876 1060 1939 tri·

107 1957 167 2022 bus
181 1959 320 2043 captives
335 1959 420 2038 fecit,
435 1960 513 2024 etin
528 1897 684 2045 {seyriam
698 1959 880 2045 deportavit.
