2472 4038
609 289 677 360 109

156 469 333 534 Alexander
347 469 408 534 hoo
423 469 518 533 officii
532 489 648 552 genus3
669 488 748 530 unus
761 488 800 532 ex
813 468 934 552 legatis,
948 467 1050 546 Nudi,
1063 468 1111 532 in·

156 554 232 635 quit,
246 554 386 617 ciuitatem
399 575 525 648 unqurm
539 553 667 616 dedimus
681 551 744 628 alii,
754 554 840 636 qudm
856 553 907 616 tibi
928 563 954 614 at
975 551 1109 616 Herculi.

198 637 398 700 Antisthenes
422 637 566 715 dicebat3
588 637 685 698 satius
706 656 775 698 esse
797 657 870 698 cum
891 635 999 718 paucis
1019 636 1110 700 bonis

155 723 302 784 adversus
316 741 424 784 omnes
437 719 534 783 malos
549 739 698 802 pugnare,
721 719 814 800 quan
834 740 906 782 curn
926 720 1030 782 multis
1044 741 1111 784 rna-

155 805 193 866 lis
204 804 349 868 adversus
370 824 488 886 paucos
512 803 621 866 bonos.
665 804 796 880 Praestat
817 803 901 866 enim
921 803 961 866 de
983 824 1111 867 numero

154 889 310 950 bonorum
341 897 420 964 esse,
452 907 580 968 quorum
600 886 715 968 ubique
738 886 847 949 raritas
868 897 925 964 est,
958 887 1052 968 quim
1071 887 1111 950 de

153 993 253 1056 grege
267 970 429 1048 malorum,
444 991 575 1052 quorum
588 970 702 1052 ubique
717 969 812 1052 plena
826 981 899 1033 sunt
912 971 1027 1033 omnia.

199 1088 377 1152 Alexander
397 1109 485 1151 suern
510 1087 687 1170 imaginem,
701 1087 741 1148 ab
761 1085 873 1168 Apelle
894 1087 1021 1170 pictam,
1036 1109 1112 1152 con·

155 1173 336 1255 templatus,
349 1191 412 1235 non
427 1172 564 1235 laudavit
578 1193 634 1254 pro
648 1170 800 1254 dignitate
815 1171 956 1254 pictura.
1001 1171 1112 1242 Quum

155 1267 264 1319 autem
284 1256 476 1340 introductus
500 1277 599 1337 equus
613 1254 788 1318 adhinniret
808 1275 890 1338 equo
911 1255 999 1318 istius
1020 1255 1112 1319 tabu·

157 1341 210 1416 lae,
225 1350 371 1420 tanquam
384 1341 409 1403 si
423 1359 511 1402 verus
525 1349 607 1402 esset
620 1349 653 1402 et
668 1339 734 1422 ipse
747 1362 756 1418 3
781 1337 810 1401 0
824 1361 885 1415 res,
899 1339 1001 1421 inquit
1014 1339 1112 1422 Apel-

157 1423 274 1499 les,]n'e
287 1425 358 1486 sane
384 1445 471 1509 aqum
492 1423 565 1487 artis
586 1422 737 1506 pingendi
757 1421 854 1485 multo
878 1423 1005 1506 peritior
1018 1425 1112 1504 quim

160 1516 193 1568 te
206 1528 275 1571 esse
290 1509 418 1572 videtin.
601 1563 608 1570 .

199 1591 431 1674 Epaminondas
454 1611 550 1654 unum
571 1589 710 1654 habebat
731 1589 870 1672 pallium,
894 1590 988 1672 idque
1016 1587 1112 1653 sordi·

155 1676 251 1755 dum3
273 1676 298 1739 si
320 1676 446 1759 quando
467 1676 539 1739 verb
560 1673 638 1737 illud
659 1674 797 1738 dedisset
817 1673 850 1737 in
872 1673 997 1738 fullonis
1011 1672 1110 1738 offici·

155 1779 239 1837 nam,
253 1759 320 1844 ipse
334 1781 367 1825 se
382 1759 466 1824 domi
481 1757 664 1824 continebat
677 1759 719 1822 ob
734 1758 870 1842 inopiam
884 1757 1020 1823 alterius.

199 1884 403 1958 Anaxarchus
437 1881 648 1948 Alexandrum
678 1881 810 1961 ridebat,
831 1881 914 1966 qubd
948 1903 982 1948 se
1010 1883 1112 1967 ipsun

160 1967 266 2032 Deum
279 1967 406 2032 faceret.

203 2052 312 2122 Quum
324 2052 395 2116 verb
409 2061 574 2134 aegrotaret
595 2050 762 2133 aliquando
783 2051 969 2127 Alexander,
983 2060 1016 2114 et
1039 2051 1111 2114 ideo

159 2135 299 2200 medicus
333 2136 364 2200 ei
397 2135 600 2200 sorbitionem·
631 2136 817 2220 preciperet
848 2135 974 2218 parari3
1008 2135 1111 2198 ridens

158 2219 382 2302 Anaxarchum
411 2219 455 2284 At
474 2221 567 2285 nostri
590 2217 662 2295 Dei,
683 2217 792 2302 inquit,
818 2219 851 2284 in
873 2212 1027 2282 aduam
1049 2241 1112 2304 spes

159 2306 223 2368 sita
237 2317 312 2370 sunt.

200 2389 403 2473 Pythagoras,
416 2390 611 2472 tyrannidem
632 2389 810 2473 frigianum
833 2386 957 2452 Italiam
971 2386 1065 2462 venit,
1079 2397 1113 2451 et

15 2457 17 2478 '
51 2525 56 2530 ,
159 2493 231 2554 quae
245 2473 399 2536 didicerat
418 2473 458 2535 de
479 2493 581 2536 rerum
601 2475 711 2537 natura
730 2472 900 2554 mundique
925 2471 1057 2552 aperuit,
1079 2479 1113 2534 et

160 2555 201 2617 ad
226 2556 351 2618 modum
372 2555 469 2618 seculi
491 2555 608 2633 docuit,
630 2558 671 2620 ad
691 2576 763 2621 osus
784 2553 975 2621 necessarios
996 2563 1112 2620 cuncta

159 2639 320 2722 prebente
336 2637 425 2715 terra,
440 2639 527 2704 nefas
541 2659 609 2706 esse
626 2641 811 2705 animalibus
823 2639 918 2704 vesci.

201 2739 313 2806 Priscis
335 2743 535 2826 temporibus,
556 2745 627 2808 cum
651 2743 754 2810 adhuc
785 2743 870 2808 nuda
890 2744 985 2808 virtus
1005 2745 1112 2830 placa·

158 2837 215 2902 ret,
230 2826 379 2910 vigebant
400 2837 481 2890 artes
516 2828 673 2912 ingenuae,
702 2847 916 2910 summumque
940 2837 1111 2893 'certamen

158 2909 238 2974 inter
259 2910 399 2974 homines
420 2921 497 2990 erat,
526 2932 566 2976 ne
592 2913 667 2994 quid
695 2909 887 2996 profuturum
908 2912 1032 2976 saeculis
1055 2911 1111 2972 diu

158 2991 281 3056 lateret.
324 2995 434 3075 ltaque
448 2995 587 3060 omnium
601 2995 768 3060 herbarum
787 3015 900 3060 succos
913 2992 1111 3061 Democritus

145 3077 317 3160 expressit,
345 3085 388 3153 et,
415 3097 455 3142 ne
484 3077 622 3162 lapidum
646 3078 909 3166 virgultorumque
923 3080 968 3144 vis
989 3076 1109 3154 lateret,

116 3189 119 3195 ¹
157 3169 282 3224 aetatmn
297 3161 376 3224 inter
387 3161 600 3244 experimenta
613 3164 814 3247 consumpsit.

198 3243 576 3330 Carthaginienseaduos
596 3246 820 3330 gubernatores
847 3247 917 3310 navi
945 3241 1108 3323 dederunt,

156 3328 324 3393 absurdum
338 3348 406 3391 esse
421 3328 571 3409 dicentes,
586 3332 649 3396 duo
671 3333 797 3415 quidem
820 3326 1033 3426 gubernacula
1053 3327 1109 3393 ha-

154 3413 248 3493 bere3
270 3432 344 3476 eum
364 3411 445 3490 verb,
459 3413 512 3495 qui
537 3417 755 3500 navigantibus
769 3412 948 3476 utilissimus
969 3425 1060 3492 esset,
1074 3425 1108 3479 et

154 3495 317 3593 imperium
338 3495 425 3561 navis
449 3507 578 3578 teneret,
603 3495 703 3566 soloni
723 3508 756 3563 et
776 3495 894 3580 absque
924 3515 1105 3566 successore

155 3600 194 3644 ac
208 3600 294 3645 socio
308 3601 387 3646 esse.

412 3671 451 3728 10
