2472 4038
544 241 614 312 112

96 419 190 481 dicito.
236 419 293 482 Dic
315 440 363 481 me
386 419 519 482 omnibus
542 419 638 483 omnia
659 419 723 482 laeta
745 418 867 503 precari.
913 416 1060 479 Salutabis

95 502 166 564 milri
187 502 369 564 sodalitatem
392 503 552 584 diligenter.
597 502 719 564 Amicos
742 522 844 564 omnes
867 500 940 562 meis
963 499 1061 560 verbis

94 586 225 647 salutato.
271 584 367 646 Uxori
381 587 505 648 salutem
519 607 559 648 ex
580 606 628 648 me
650 584 845 647 annunciabis.
890 582 987 644 Fratri
1007 593 1060 644 tuo

95 668 237 730 iuliten‘s
262 669 317 730 tuis
339 689 408 730 meo
427 669 553 738 ‚nomine
582 669 704 730 salutem
730 667 863 730 ascribes.
908 665 972 728 Mei
993 665 1059 726 vice

95 751 231 814 salutabis
245 753 361 813 affinem
377 773 484 814 meum.
529 751 671 834 Nunquid
695 750 751 812 tuis
774 750 894 812 mandas
916 770 969 831 per
991 749 1061 810 me?

95 831 138 895 Ut
166 833 246 896 recte
276 837 398 896 valeant.
458 834 551 896 Estne
578 834 656 917 quod
681 835 754 896 velis
778 833 815 894 ad
843 843 909 894 tuo's
938 830 1085 914 perferri·

94 937 144 978 me
181 918 308 980 nuncio?
345 917 469 980 Multam
505 919 629 980 salutem
656 917 801 991 omuibus,
829 916 882 977 sed
911 913 1059 997 precipue

94 1000 177 1084 patri.
222 1001 297 1062 Sunt
326 1021 399 1082 quos
427 1022 480 1084 per
504 1023 553 1064 me
578 1015 629 1062 tuo
655 1001 772 1062 nomine
801 999 872 1060 velis
901 999 1058 1059 salutatos?

95 1083 209 1144 Onmes
224 1083 271 1168 qui
293 1083 331 1144 de
352 1105 402 1144 me
424 1085 679 1165 percontabuntur.
725 1083 856 1145 Salutem
878 1101 965 1164 quam
986 1079 1060 1142 milri

94 1166 132 1227 ab
143 1166 242 1227 amicis
253 1167 381 1242 attulisti,
391 1167 445 1229 illis
456 1169 547 1229 multo
557 1188 626 1228 cum
638 1165 750 1250 soenore
761 1165 878 1226 referes.
917 1162 1058 1236 Quorum

94 1247 211 1310 nomine
225 1249 296 1310 mihi
310 1250 434 1312 salutern
445 1251 572 1327 attulisti,
582 1269 635 1312 eos
644 1269 747 1312 omnes
757 1248 825 1311 med
835 1246 926 1329 gratid
933 1245 1060 1308 vicissim

94 1331 229 1394 salutabis
245 1331 388 1394 accurate.

485 1483 681 1496 m

455 1619 666 1686 COLLOQUY
688 1627 711 1681 1.
814 1667 818 1678 .

379 1799 513 1864 rannus,
536 1797 627 1854 unns,
649 1797 801 1842 ronocus.

136 1907 256 1988 Petrus.
281 1907 376 1984 Heus,
391 1909 473 1985 heus,
488 1929 562 1992 puer
571 1929 580 1984 ;
601 1909 720 1972 uemon'
735 1911 792 1974 huc
807 1909 921 1994 prodit?
984 1959 985 1962 ,

136 1989 239 2052 Mida.
265 1989 324 2054 Hic
342 1992 445 2074 opinor
459 1993 591 2075 effringet
605 1991 689 2055 sores.
734 1992 922 2057 Familiarem
942 2003 1058 2075 oportet

93 2091 200 2219 ess?
219 2075 281 2220 ΜΟ.
295 2075 427 2158 lepidum
451 2089 549 2158 caput.
594 2075 679 2149 Quid
703 2077 799 2154 affers,
821 2077 861 2142 mi
884 2075 993 2140 Perre?
1100 2117 1105 2122 -

170 2181 193 2219 e.
255 2181 281 2220 er
304 2181 378 2221 sum.

135 2240 197 2304 Mi.
214 2241 270 2304 Nae
283 2181 316 2303 iu
331 2263 394 2304 rem
408 2241 488 2304 haud
502 2242 598 2324 magui
613 2223 697 2325 pretii
710 2243 769 2305 huc
790 2227 917 2304 attulssti.

135 2321 194 2387 Pe.
218 2325 311 2410 Atqui
325 2347 430 2408 magno
444 2325 557 2388 constiti
573 2327 647 2407 patri
661 2347 737 2388 mee.
752 2351 754 2360 .

135 2405 198 2472 Mi.
222 2409 324 2472 Credo
338 2408 427 2491 pluris
442 2408 530 2492 quim
544 2408 665 2470 revendi
679 2409 780 2491 possis.

136 2490 193 2554 Pe.
217 2491 376 2568 Caeterlrm,
391 2491 522 2554 Jodocus
537 2508 620 2554 estne
635 2492 737 2555 domi?

136 2573 198 2636 Mi.
222 2575 355 2638 Incertus
370 2597 446 2650 sum,
461 2575 514 2636 sed
529 2575 630 2637 visam.

96 2741 116 2801 d
136 2655 194 2752 Pe.
214 2655 298 2730 Quin
313 2671 343 2718 tu
358 2659 452 2740 potius
467 2659 523 2734 abi,
539 2673 568 2720 et
581 2679 650 2742 roga
664 2659 759 2741 ipsum
774 2681 811 2722 an
819 2661 887 2722 velit
900 2681 978 2724 nuno
992 2679 1057 2722 esse

118 2762 187 2802 omi.
1057 2765 1060 2774 ¹

136 2821 197 2888 Mi.
214 2823 274 2884 Abi
284 2801 319 2884 lu
334 2822 440 2906 potiris,
455 2823 551 2906 sisque
566 2823 617 2886 tibi
632 2825 684 2906 ipsi
699 2825 873 2890 Mercurius.

137 2907 194 2972 Pe.
220 2905 315 2982 Heus,
338 2905 461 2983 Jodoce,
484 2929 555 2970 num
578 2927 610 2969 es
624 2908 722 2972 domi?
761 2945 764 2950 ,

138 2991 275 3055 Jodocus.
299 2985 367 3052 Non
389 3011 463 3052 sum.

874 3034 887 3058 Ι

138 3075 195 3137 Pe.
219 3073 389 3156 lmpu'dem,
404 3095 463 3135 non
478 3095 534 3157 ego
548 3075 635 3137 audio
649 3088 678 3138 te
693 3070 881 3158 loquentem?

139 3157 188 3222 Jo.
212 3157 277 3219 Imo
291 3169 323 3217 tu
337 3153 548 3238 impudentior:
573 3159 678 3242 Nuper
693 3160 806 3222 ancillae·
816 3173 873 3222 tuae
894 3159 1014 3236 credidi,
1028 3171 1059 3221 te

97 3263 154 3303 non
169 3262 233 3302 esse
249 3239 337 3315 domi,
353 3252 382 3300 et
396 3254 427 3301 tu
442 3261 499 3302 non
514 3242 607 3302 credis
628 3243 698 3304 mihi
719 3243 794 3325 ipsi?

138 3322 196 3385 Pe.
219 3323 351 3406 AEquum
374 3323 454 3400 dicis,
469 3343 522 3405 par
536 3325 598 3406 pari
612 3327 745 3388 relatum.

140 3403 191 3468 Jo.
206 3404 354 3499 Equidem
369 3420 475 3469 utnon
495 3405 631 3468 omnibus
650 3407 772 3486 dormio,
788 3409 829 3472 ita
848 3429 908 3472 non
929 3405 1060 3470 omnibm
1093 3413 1095 3420 “

55 3539 59 3546 ,
97 3509 159 3550 sunt
173 3487 270 3571 doma:
292 3489 343 3550 tibi
358 3491 479 3572 posthac
494 3510 611 3573 semper
625 3511 683 3555 ero.
