2472 4038
579 247 648 318 128

168 419 228 486 Ne.
251 421 379 486 Proinde
393 425 508 488 videtur
522 425 680 488 admodum
693 424 847 509 impudens
869 447 970 490 eorum
987 429 1090 512 ‘queri-

126 508 222 570 monia
250 508 299 590 qui
326 521 459 570 naturam
487 522 625 570 acmrsant
653 507 731 592 qudd
759 510 883 572 hominis
908 511 998 572 vitam
1025 526 1091 574 tam

127 591 251 686 angustis
265 591 363 672 spatiis
384 592 516 667 finierint,
531 593 598 654 crim
620 592 673 674 ipsi
696 613 736 654 ex
758 595 796 653 e'o
818 593 897 675 quod
921 594 1020 656 datum
1042 607 1091 656 est

126 673 179 736 sibr
193 689 296 757 sponte
311 685 423 738 tantum
437 689 593 758 amputent.
639 674 715 736 Satis
729 675 815 756 longa
833 689 877 737 est
897 677 1003 758 cuique
1018 677 1089 752 vita,

126 757 150 818 si
174 755 264 839 parci
286 758 475 840 dispensetur,
489 777 544 819 nec
566 758 719 824 mediocris
741 756 887 840 proiectus
910 772 964 834 est,
978 760 1003 821 si
1023 761 1090 842 quis

126 860 180 902 suo
196 861 318 924 queque
333 855 464 924 tempore
486 853 573 922 gerat.
618 840 650 902 A
666 840 787 922 prandio
809 841 860 902 vix
882 837 1090 904 semihomines

126 943 237 1000 sumus,
252 924 320 985 clun
334 945 437 1006 corpus
456 923 526 986 cibis
547 937 683 985 onustum
706 935 840 1006 aggravat
862 938 1007 986 mentem:
1030 945 1091 986 nec

127 1019 219 1068 tutum
235 1021 278 1068 est
291 1007 404 1089 spiritus
419 1007 455 1068 ab
466 1006 584 1068 officiari
592 1006 744 1081 stomachi,
754 1006 949 1068 concoctionis
959 1007 1090 1069 officium

127 1103 307 1170 peragentes,
330 1090 367 1151 ad
391 1089 539 1172 superiora
560 1109 695 1164 evocare,
719 1109 737 1150 a
760 1087 848 1151 coeni
869 1088 961 1150 nrultb
982 1089 1087 1151 minus.
1113 1157 1117 1171 .

127 1171 170 1233 At
183 1171 325 1234 matutinis
339 1171 427 1248 horis,
441 1173 529 1234 bomo
539 1186 613 1234 totus
628 1185 672 1234 est
686 1173 785 1247 bom03
796 1171 977 1252 dumhabile
992 1185 1036 1234 est
1050 1173 1090 1234 ad

127 1275 214 1316 omne
237 1255 425 1316 ministerium
449 1257 649 1337 corpussdum
674 1256 769 1316 alacer
783 1254 861 1337 viget
880 1254 1002 1330 animus,
1017 1255 1090 1316 dum

24 1357 30 1370 ·
127 1338 224 1399 omnia
238 1331 343 1400 mentis
357 1359 464 1420 organa
477 1339 627 1420 tranquilla
650 1351 717 1400 sunt
738 1358 773 1399 ac
793 1358 906 1413 serena,
920 1338 991 1399 dum
1012 1359 1090 1400 aurae

128 1420 242 1496 divine,
256 1435 290 1484 ut
312 1421 351 1484 ait
372 1422 430 1497 ille,
446 1421 586 1506 particula
599 1421 697 1504 spirat,
711 1434 742 1483 et
755 1420 830 1504 sapit
842 1421 981 1504 originem
994 1442 1091 1498 suam,

129 1516 159 1565 et
174 1505 282 1586 rapitur
295 1505 332 1566 ad
346 1505 477 1566 honesta
662 1568 670 1588 ‚

171 1587 231 1650 Pi.
255 1587 413 1671 Eleganter
426 1601 458 1650 tu
474 1587 592 1672 quidem
605 1587 791 1652 concionaris.
1059 1610 1064 1619 ⁸

171 1669 232 1732 Ne.
249 1671 341 1754 Apud
352 1670 516 1734 Homerum
528 1672 608 1734 audit
615 1673 828 1754 Agamemnon,
836 1671 947 1754 opinor,
969 1668 1093 1732 “Haud

129 1751 215 1814 decet
229 1755 258 1815 in
273 1767 363 1816 totam
377 1755 542 1816 consultum
555 1768 676 1816 stertere
690 1767 808 1817 noctem
818 1754 847 1832 ;’'
860 1767 967 1838 quanto
977 1754 1093 1838 turpius

128 1847 174 1896 est
188 1847 296 1897 tantam
310 1835 367 1897 diei
381 1849 492 1918 partem
506 1857 610 1898 somno
623 1837 768 1920 perdere?

170 1917 228 1980 Pr.
254 1917 368 1979 Verum
382 1917 434 1979 sed
448 1920 600 1995 consulto;
621 1941 677 2002 ego
691 1941 750 1981 non
764 1941 829 1982 sum
845 1920 906 1982 dux
920 1919 1075 1982 examinis.

171 1999 232 2064 Ne.
258 2000 290 2063 Si
336 2001 384 2063 uid
409 2001 488 2064 aliud
502 2003 597 2064 carius
617 2017 661 2065 est
683 2002 771 2086 quim
793 2005 856 2087 ipse
881 2004 942 2078 tibi,
957 2023 994 2064 ne
1018 2003 1093 2086 quid

129 2099 157 2146 te
169 2099 286 2148 moveat
328 2084 574 2148 omerisententia.
611 2085 709 2148 Faber
717 2086 941 2150 erariusobvile
950 2087 1093 2149 lucellum

129 2169 219 2251 surgit
232 2183 296 2230 aute
311 2169 425 2244 lucem3
448 2181 551 2232 etnos
573 2191 655 2232 amor
675 2170 819 2253 sapientie
841 2191 899 2234 non
921 2182 1017 2252 potest
1035 2190 1093 2231 ex-

130 2249 327 2334 pergefacere,
355 2265 387 2314 ut
414 2253 515 2314 saltem
544 2255 636 2315 solem
670 2254 708 2314 ad
744 2254 857 2315 lucrum
893 2253 1092 2315 inestimabile

131 2349 305 2398 evocantem
319 2335 489 2397 audiamus?
533 2335 643 2398 Medici
657 2358 716 2398 non
731 2335 792 2400 seri
808 2337 878 2398 dant
899 2336 1093 2420 phanuacum

131 2418 184 2480 nisi
199 2418 344 2497 diluculo;
358 2419 397 2481 illi
407 2418 511 2480 nbrunt
521 2419 605 2480 horas
616 2441 727 2495 aureas,
738 2435 770 2482 ut
779 2420 950 2482 subveniant
960 2419 1091 2500 corpori:

130 2521 183 2584 nup
198 2523 247 2562 cas
261 2523 319 2564 non
334 2502 476 2578 novimus,
488 2516 520 2564 ut
530 2503 738 2586 locupletemus
749 2525 783 2566 ac
793 2524 928 2564 sanemus
943 2502 1092 2564 animum?

131 2580 223 2652 Quod
238 2583 261 2643 si
276 2583 338 2648 haec
352 2586 418 2647 leve
433 2586 547 2668 pondus
562 2585 667 2648 babent
682 2587 759 2669 apud
774 2599 814 2662 te,
829 2586 895 2647 audi
920 2585 989 2680 quid
1012 2585 1092 2667 apud

131 2663 320 2726 Salomonem
332 2669 464 2748 loquatur
478 2670 525 2730 illa
538 2670 664 2730 coelestis
675 2669 821 2751 sapientia.
872 2667 935 2751 Qua
944 2688 1037 2743 mune,
1048 2667 1093 2728 in-

131 2745 202 2828 quit,
211 2745 400 2828 vigilaverint
414 2751 454 2810 ad
461 2772 514 2824 nae,
524 2751 673 2812 invenient
680 2773 730 2812 rna.
753 2751 819 2813 Jam
830 2752 858 2814 in
873 2750 1002 2833 mysticis
1016 2751 1093 2832 psal-

129 2829 818 2974 misguantamatutiuitemporiscommendatio?
847 2834 1092 2917 Munipropietu

131 2922 193 2974 ento
206 2911 241 2973 iit
263 2911 372 2974 domini
393 2913 636 2990 misericordium
658 2920 741 2980 muni
756 2918 912 2980 exauditur
932 2939 994 2980 uon
1009 2915 1091 3000 ejua3
1144 2979 1148 2984 .

129 2997 212 3059 anund
240 2994 322 3057 illius
351 2996 516 3084 deprecatio
530 2998 689 3082 praeuenit
716 3001 870 3063 dominum.
944 2999 984 3062 Et
1013 2999 1091 3082 apud

129 3078 245 3142 Lucam
262 3081 467 3161 evangelistam
489 3083 614 3165 populus
628 3084 777 3146 sanitatem
796 3105 831 3148 au
853 3083 1012 3146 doctrinam
1037 3103 1090 3143 ex·

129 3179 276 3328 pffiffi
286 3163 413 3310 pomino,
427 3163 513 3232 mane
529 3167 565 3226 ad
580 3167 661 3228 illurn
675 3167 802 3302 couduit
848 3165 931 3240 Quid
953 3166 1089 3248 suspiras,
1193 3237 1194 3242 η

169 3327 230 3388 Pl.
256 3329 317 3392 Vix
331 3330 474 3413 lacrymas
487 3343 583 3407 teneo,
596 3332 664 3394 crim
679 3332 754 3394 subit
768 3345 904 3414 quautam
919 3332 985 3394 vite
995 3331 1091 3415 jactu·

128 3409 327 3474 rarnsecerim.

128 3552 138 3558 .
169 3485 227 3554 Ne.
258 3494 516 3578 Supervacaneum
545 3485 590 3560 es't
616 3499 655 3560 ob
682 3518 720 3560 ea
747 3497 910 3562 discruciari
939 3519 1004 3582 qua
1032 3517 1091 3560 nou
