2492 4038
597 215 644 296 72

365 509 496 576 convo
499 511 519 564 S
550 411 865 566 E'I'IQMEROURIUS.

179 601 306 677 Corvus,
321 599 433 682 laqueo
448 611 568 683 captus,
583 595 720 682 Apollini
737 611 772 663 ut
790 621 881 682 opem
906 599 998 663 ferret
1020 621 1092 681 sup-

138 683 245 768 plicat,
260 684 350 754 thura
364 695 397 747 et
415 685 525 747 odores
547 684 591 746 illi
613 685 780 746 incendere
796 684 963 764 pollicitus.
1007 683 1091 746 Peri-

138 768 212 831 culo
225 765 384 844 liberatus
400 768 467 852 ejus
482 769 563 848 quod
579 767 761 850 promiserat
775 767 890 830 oblitus
904 777 962 829 est.

181 852 299 915 Rursus
337 851 398 914 olio
426 851 559 914 irretitus
589 852 711 933 laqueo,
750 851 896 933 Apolline
925 852 1092 932 praeterito,

138 935 328 998 Mercurium
360 935 523 1011 invocavit,
552 937 708 1018 spondens
739 937 768 998 ei
805 956 893 998 sacra
928 935 1091 1016 facturum,

138 1020 197 1082 Cui
223 1019 286 1096 ille,
301 1019 456 1102 Apagete,
471 1019 608 1082 omnirun
629 1019 815 1100 nequissime
827 1042 836 1098 ;
857 1040 920 1081 non
941 1029 989 1081 est
1011 1019 1093 1098 quod

139 1099 196 1166 tibi
211 1103 302 1165 fidem
317 1103 460 1179 habeam,
476 1103 528 1184 qui
543 1103 694 1185 prioribus
715 1125 779 1166 non
801 1103 912 1165 stetisti
927 1102 1093 1184 promissis,

139 1197 172 1250 et
185 1185 325 1270 Apollini
340 1185 497 1250 liberatori
511 1187 653 1270 debitum
666 1187 804 1250 nondum
818 1186 944 1250 solvisti.

599 1327 652 1388 20.

541 1447 728 1517 coenum.
806 1497 809 1502 ,

182 1553 286 1630 Canis,
314 1553 385 1616 oiim
415 1552 492 1615 forte
514 1551 677 1614 cochleam
697 1549 886 1627 offendisset,
914 1569 1005 1612 ovum
1026 1569 1094 1612 esse

38 1697 49 1717 ,
140 1649 233 1714 ratus,
265 1658 382 1720 magno
411 1636 471 1699 oris
506 1634 593 1702 hiatu
625 1632 796 1697 avidissime
826 1654 895 1695 eam
927 1633 1093 1700 devoravit.

141 1723 207 1784 Iliis
221 1731 327 1784 autem
347 1721 483 1802 graviter
506 1718 693 1794 dolentibus
718 1717 927 1794 exclamabat,
937 1715 1006 1778 Ah!
1029 1737 1095 1778 me-

140 1806 215 1870 ritas
242 1805 295 1867 luo
322 1803 460 1866 stultitiae
483 1823 602 1886 poenes,
624 1802 677 1884 qui
699 1800 803 1864 omnia
823 1802 955 1864 rotunda
976 1799 1094 1862 credidi

141 1911 209 1956 esse
224 1911 293 1952 ovo.
346 1951 348 1957 Α

591 1995 644 2052 21.
820 1989 823 1996 ’
920 1991 926 2004 '

443 2089 591 2170 'cunux
621 2113 672 2168 m
702 2115 797 2174 uos·

183 2227 291 2304 Culex,
313 2227 345 2288 in
367 2245 465 2288 cornu
492 2205 602 2286 ¹boris¹
615 2223 760 2299 insidens,
788 2243 977 2304 canemque,
1009 2222 1097 2285 illum

141 2310 361 2394 interrogabat,
372 2307 534 2390 'numquid
557 2307 678 2370 avolare
703 2307 854 2384 sevellet,
869 2307 970 2388 utqui
994 2307 1096 2369 forsan

141 2395 258 2460 collum
272 2395 468 2476 deprimeret.
513 2391 613 2469 Nihil,
628 2391 737 2474 inquit,
757 2392 884 2454 interest
898 2411 977 2470 mea,
996 2391 1097 2454 utrirm
1140 2409 1143 2412 ·

140 2501 284 2544 maneres
299 2500 339 2542 111
354 2477 493 2540 avolares
508 2501 517 2557 3
538 2487 574 2540 ut
595 2477 680 2539 'enim
704 2495 767 2538 non
789 2475 870 2539 sensi
884 2475 1115 2538 accessionem

142 2573 236 2640 tuam,
245 2564 295 2626 ita
308 2584 349 2626 ne
363 2561 585 2626 discessionem
600 2561 726 2646 quidem
740 2581 877 2623 sensero.
892 2637 894 2643 Ι

596 2705 648 2760 22.
754 2759 755 2766 ,

438 2814 582 2869 HIRCUS
610 2813 660 2866 ΕΤ
690 2813 802 2867 VlTIS.

185 2921 264 2984 Cum
287 2917 356 2981 vitis
385 2917 547 2999 pampinos
572 2908 690 2992 ederet,
713 2937 767 2978 eos
789 2916 955 2979 arrodebat
976 2915 1099 2979 hircus:

144 3007 228 3090 quod
241 3004 315 3067 dum
329 3001 456 3077 feceret,
472 3001 516 3062 ita
530 3021 601 3062 eum
617 3001 760 3081 increpet
775 2999 854 3064 vitis

144 3175 166 3237 b
187 3089 249 3154 Cur
263 3098 298 3215 tp
310 3107 382 3150 mea
396 3085 470 3148 solra
494 3084 620 3168 carpis?
642 3105 745 3147 nonne
767 3095 841 3146 sotis
863 3085 1015 3166 superque
1030 3054 1098 3146 her-

168 3195 383 3320 agumn.RUtem
396 3255 490 3318 vitem
504 3253 673 3336 depascere
689 3262 832 3335 pergeret
846 3251 970 3330 hircus3
991 3246 1099 3324 Quan-

145 3339 209 3402 tirm
224 3350 335 3422 potest,
349 3340 449 3420 inquit
467 3339 546 3416 vitis,
572 3337 646 3400 milri
670 3346 806 3400 noceto:
828 3357 890 3420 ego
913 3346 1016 3400 tamen
1037 3335 1099 3396 vini

145 3423 391 3570 iiiisfflfiidiiiem'
404 3434 564 3506 quantum,
580 3433 610 3485 te
625 3432 771 3498 mactato,
795 3421 835 3516 ad
860 3420 1020 3484 libandum
1041 3418 1100 3482 diis
