2472 4038
643 217 688 288 87

234 397 346 462 Aliena
358 397 471 462 rectilis
492 396 695 482 perspicimus
709 396 800 479 quim
814 405 928 474 nostra,
942 403 976 460 et
989 394 1049 460 sibi
1059 395 1143 480 mais·

192 499 252 564 qua
267 481 408 544 adulator
421 491 478 544 est.

233 565 270 628 In
284 565 414 648 speculo
428 565 561 647 teipsum
582 564 819 647 contemplator,
837 573 870 628 at
883 563 909 626 si
923 563 1073 628 formosus
1085 583 1142 647 ap-

190 669 308 730 pareas,
322 669 382 731 age
402 669 477 729 quas
499 649 628 710 formam
648 649 786 726 decent3
806 649 855 710 sin
877 647 1032 724 deformis,
1056 648 1142 730 quod

190 731 223 795 in
237 732 318 798 facie
331 733 433 796 minus
447 742 504 809 est,
517 731 551 794 id
564 750 683 795 moram
698 730 930 814 pulchritudine
944 740 1084 814 pensato.

606 893 722 948 MORS.

233 983 335 1050 Omne
351 984 520 1048 humanum
541 1003 650 1066 genus,
664 981 883 1066 quodcumque
899 991 958 1061 est,
972 980 1144 1064 quodcum·

191 1089 251 1150 que
266 1070 334 1145 erit,
347 1067 440 1132 morti
458 1068 631 1130 damnatur.

234 1153 392 1215 Incertum
406 1162 454 1214 ast
467 1150 500 1214 in
514 1170 577 1232 quo
599 1150 671 1214 loco
691 1169 773 1212 mors
794 1159 826 1214 te
840 1157 988 1234 expetat3
1007 1158 1042 1214 tu
1056 1147 1143 1214 illam

104 1304 109 1314 ,
192 1235 225 1301 in
239 1235 324 1298 omni
337 1235 409 1298 loco
423 1246 566 1316 expecta.

236 1318 303 1387 Qui
317 1328 447 1382 mortem
460 1318 549 1381 timet
561 1338 624 1380 non
645 1314 757 1402 effugit
770 1336 850 1394 eam,
863 1315 920 1380 sed
933 1315 1059 1402 insuper
1080 1314 1142 1381 hoc

193 1401 294 1484 ipsum
307 1401 378 1466 vitae
400 1402 484 1484 quod
504 1401 594 1464 datur
615 1399 735 1484 perdit3
757 1401 846 1464 anxii
860 1401 945 1464 enim
957 1400 1060 1466 vivere
1080 1421 1144 1464 non

192 1495 240 1548 est
254 1485 369 1548 vivere.
760 1547 765 1554 ,

233 1569 266 1632 N
267 1590 309 1632 on
322 1577 427 1652 potest
439 1567 521 1632 malb
536 1568 623 1646 mori,
638 1567 692 1651 qui
716 1568 797 1633 bene
818 1567 938 1646 vixerit,
952 1577 985 1632 et
998 1567 1048 1632 vix
1062 1567 1143 1632 bene

189 1653 328 1730 moritur,
343 1653 397 1734 qui
411 1651 492 1714 male
508 1653 592 1715 vixit.

232 1736 320 1800 Nihil
340 1737 502 1818 tibiaque
525 1736 669 1819 proficiet
688 1735 729 1799 ad
750 1735 985 1818 temperantiam
1006 1735 1143 1800 omnium

174 1879 176 1883 ,
190 1840 301 1898 rerum,
315 1821 407 1902 quim
421 1820 567 1902 frequens
581 1819 734 1904 cogitatio
748 1819 850 1882 brevis
870 1819 938 1896 aevi,
953 1830 985 1884 et
999 1819 1120 1884 incerti.

140 1912 142 1915 ’
232 1903 345 1982 Nemo,
359 1905 433 1967 dum
448 1903 551 1968 adhuc
565 1905 649 1980 vivit,
665 1903 777 1966 beatus
790 1901 854 1966 dici
874 1902 988 1982 dabet;
1008 1903 1082 1984 quia
1102 1902 1143 1966 ad

191 1987 333 2052 ultimum
360 2007 458 2072 usque
487 1986 544 2071 vfati
573 1987 658 2053 diem
688 1986 818 2068 ancipiti
847 1983 978 2052 fortuna
1008 1986 1142 2072 subjecti

191 2089 305 2135 sumus.

232 2241 318 2306 Mors
346 2263 455 2308 omnes
483 2243 566 2308 falce
597 2241 653 2306 sub
673 2240 824 2307 demetit:
854 2238 1004 2304 maximus
1026 2238 1142 2322 pietate

190 2325 316 2405 AEtteaa
330 2327 602 2410 eloquentissimus
615 2325 736 2404 Cicero,
750 2323 917 2389 ditissimus
937 2324 1064 2388 Crassus
1079 2323 1143 2386 fato

190 2411 346 2474 cecidere.
402 2411 466 2476 Ubi
490 2412 594 2476 Cato?
630 2410 790 2492 expiravit.
844 2408 908 2474 Ubi
929 2409 992 2471 duo
1014 2405 1144 2469 fulmina

193 2493 278 2570 belli,
303 2493 483 2577 Scipiadae?
505 2494 670 2559 occidite:
690 2493 806 2556 nemini
828 2493 954 2576 quidem
973 2511 1056 2555 mors
1074 2511 1143 2575 par·

191 2597 264 2640 cere
278 2577 375 2640 novit.

140 2654 143 2658 ’
233 2661 353 2723 Xerxes
369 2660 421 2724 illc
435 2681 489 2725 rex
506 2660 746 2745 potentissimus,
768 2659 821 2742 qui
843 2659 992 2724 subvertit
1012 2670 1142 2736 montes,

188 2745 347 2826 mariaque
375 2746 553 2823 constravit,
582 2745 654 2808 cium
682 2745 722 2808 de
750 2745 874 2808 sublimi
898 2743 970 2808 loco
990 2746 1143 2808 infinitam

189 2827 347 2890 hominum
361 2828 602 2907 multitudinem,
625 2841 658 2894 et
680 2828 936 2893 innumerabilem
950 2827 1077 2892 vidisset
1090 2845 1143 2889 ex·
1211 2890 1215 2896 ,

189 2911 329 2987 ercitum,
344 2912 464 2976 flevisse
478 2914 601 2991 dicitur,
623 2913 706 2996 qubd
720 2923 790 2995 post
803 2923 931 2976 centum
952 2932 1059 2987 annos,
1073 2907 1143 2972 nul-

190 2992 239 3057 lus
252 3014 368 3072 eorum,
383 3017 460 3078 quos
475 3019 559 3062 nunc
574 2997 734 3074 cernebat,
749 2996 961 3080 superfuturus
975 3003 1067 3058 esset.

510 3155 815 3212 ADOLESCENTIA.

233 3241 277 3306 Ut
290 3240 392 3306 brevis
406 3244 605 3308 flosculorum
618 3247 708 3324 nitor,
723 3247 768 3311 ita
782 3246 877 3330 fugax
888 3245 1045 3326 juventus.

232 3325 271 3388 In
282 3326 452 3412 juventute
465 3329 551 3412 viget
564 3341 650 3407 aetas,
664 3330 768 3394 hilaris
782 3340 831 3393 est
845 3327 973 3402 animus,
995 3336 1028 3391 et
1049 3347 1141 3392 omne

189 3409 373 3486 deliciarum
407 3431 507 3494 genus
541 3412 719 3476 inconstans
747 3410 878 3493 expetit.
933 3407 1141 3496 Leotychides

190 3493 406 3580 interrogatus,
421 3496 508 3567 Quid
522 3497 713 3578 potissimum
728 3503 851 3577 oportet
861 3513 974 3584 pueros
988 3494 1142 3581 ingenuos
