<?xml version="1.0" encoding="UTF-8"?>
<!DOCTYPE html PUBLIC "-//W3C//DTD XHTML 1.0 Transitional//EN"
    "http://www.w3.org/TR/xhtml1/DTD/xhtml1-transitional.dtd">
<html xmlns="http://www.w3.org/1999/xhtml" xml:lang="en" lang="en">
 <head>
  <title>
</title>
<meta http-equiv="Content-Type" content="text/html;charset=utf-8" />
  <meta name='ocr-system' content='tesseract 3.04.00' />
  <meta name='ocr-capabilities' content='ocr_page ocr_carea ocr_par ocr_line ocrx_word'/>
</head>
<body>
  <div class='ocr_page' id='page_1' title='image "./liberprimus01danagoog_0048.png"; bbox 0 0 2492 4038; ppageno 0'>
   <div class='ocr_carea' id='block_1_1' title="bbox 662 250 704 320">
    <p class='ocr_par' dir='ltr' id='par_1_1' title="bbox 662 250 704 320">
     <span class='ocr_line' id='line_1_1' title="bbox 662 250 704 320; baseline 0.024 -1"><span class='ocrx_word' id='word_1_1' title='bbox 662 250 704 320; x_wconf 78' lang='lat' dir='ltr'><strong>ltl</strong></span> 
     </span>
    </p>
   </div>
   <div class='ocr_carea' id='block_1_2' title="bbox 99 422 1163 520">
    <p class='ocr_par' dir='ltr' id='par_1_2' title="bbox 99 422 1163 520">
     <span class='ocr_line' id='line_1_2' title="bbox 99 422 1163 520; baseline 0.008 -33"><span class='ocrx_word' id='word_1_2' title='bbox 99 425 101 430; x_wconf 82' lang='grc'><strong>’</strong></span> <span class='ocrx_word' id='word_1_3' title='bbox 127 422 132 430; x_wconf 80' lang='grc'><em>“</em></span> <span class='ocrx_word' id='word_1_4' title='bbox 212 445 337 490; x_wconf 87' lang='lat' dir='ltr'><strong>aureum</strong></span> <span class='ocrx_word' id='word_1_5' title='bbox 358 426 575 520; x_wconf 80' lang='lat' dir='ltr'><strong>circumdedit,</strong></span> <span class='ocrx_word' id='word_1_6' title='bbox 590 449 724 510; x_wconf 85' lang='lat' dir='ltr'><strong>eumque</strong></span> <span class='ocrx_word' id='word_1_7' title='bbox 746 429 779 492; x_wconf 84' lang='lat' dir='ltr'><strong>in</strong></span> <span class='ocrx_word' id='word_1_8' title='bbox 800 449 892 492; x_wconf 86' lang='lat' dir='ltr'><strong>curru</strong></span> <span class='ocrx_word' id='word_1_9' title='bbox 913 449 968 494; x_wconf 80' lang='lat' dir='ltr'><strong>stro</strong></span> <span class='ocrx_word' id='word_1_10' title='bbox 990 429 1163 495; x_wconf 85' lang='lat' dir='ltr'><strong>secundum</strong></span> 
     </span>
    </p>
   </div>
   <div class='ocr_carea' id='block_1_3' title="bbox 212 509 389 573">
    <p class='ocr_par' dir='ltr' id='par_1_3' title="bbox 212 509 389 573">
     <span class='ocr_line' id='line_1_3' title="bbox 212 509 389 573; baseline 0.006 -2"><span class='ocrx_word' id='word_1_11' title='bbox 212 509 389 573; x_wconf 91' lang='lat' dir='ltr'><strong>collocavit.</strong></span> 
     </span>
    </p>
   </div>
   <div class='ocr_carea' id='block_1_4' title="bbox 210 593 1162 762">
    <p class='ocr_par' dir='ltr' id='par_1_4' title="bbox 210 593 1162 762">
     <span class='ocr_line' id='line_1_4' title="bbox 252 593 1162 678; baseline 0.005 -23"><span class='ocrx_word' id='word_1_12' title='bbox 252 593 405 675; x_wconf 86' lang='lat' dir='ltr'><strong>Josephus</strong></span> <span class='ocrx_word' id='word_1_13' title='bbox 426 607 493 657; x_wconf 89' lang='lat' dir='ltr'><strong>erat</strong></span> <span class='ocrx_word' id='word_1_14' title='bbox 506 596 633 678; x_wconf 88' lang='lat' dir='ltr'><strong>triginta</strong></span> <span class='ocrx_word' id='word_1_15' title='bbox 653 617 751 658; x_wconf 90' lang='lat' dir='ltr'><strong>annos</strong></span> <span class='ocrx_word' id='word_1_16' title='bbox 772 606 874 672; x_wconf 90' lang='lat' dir='ltr'><strong>natus,</strong></span> <span class='ocrx_word' id='word_1_17' title='bbox 895 617 991 678; x_wconf 86' lang='lat' dir='ltr'><strong>quum</strong></span> <span class='ocrx_word' id='word_1_18' title='bbox 1012 617 1162 662; x_wconf 87' lang='lat' dir='ltr'><strong>summam</strong></span> 
     </span>
     <span class='ocr_line' id='line_1_5' title="bbox 210 679 666 762; baseline 0.004 -24"><span class='ocrx_word' id='word_1_19' title='bbox 210 687 397 758; x_wconf 88' lang='lat' dir='ltr'><strong>potestatem</strong></span> <span class='ocrx_word' id='word_1_20' title='bbox 411 700 430 741; x_wconf 91' lang='lat' dir='ltr'><strong>a</strong></span> <span class='ocrx_word' id='word_1_21' title='bbox 444 700 517 762; x_wconf 88' lang='lat' dir='ltr'><strong>rege</strong></span> <span class='ocrx_word' id='word_1_22' title='bbox 532 679 666 762; x_wconf 89' lang='lat' dir='ltr'><strong>accepit.</strong></span> 
     </span>
    </p>
   </div>
   <div class='ocr_carea' id='block_1_5' title="bbox 253 785 1161 974">
    <p class='ocr_par' dir='ltr' id='par_1_5' title="bbox 253 785 1161 974">
     <span class='ocr_line' id='line_1_6' title="bbox 660 785 710 841; baseline 0 -1"><span class='ocrx_word' id='word_1_23' title='bbox 660 785 710 841; x_wconf 87' lang='lat'><strong>54.</strong></span> 
     </span>
     <span class='ocr_line' id='line_1_7' title="bbox 253 875 1161 974; baseline 0.002 -36"><span class='ocrx_word' id='word_1_24' title='bbox 253 875 406 959; x_wconf 76' lang='lat' dir='ltr'><strong>Iosephus</strong></span> <span class='ocrx_word' id='word_1_25' title='bbox 419 877 614 962; x_wconf 80' lang='lat' dir='ltr'>perlustravit</span> <span class='ocrx_word' id='word_1_26' title='bbox 630 899 737 942; x_wconf 88' lang='lat' dir='ltr'><strong>omnes</strong></span> <span class='ocrx_word' id='word_1_27' title='bbox 751 877 879 961; x_wconf 80' lang='lat' dir='ltr'><strong>AEgypti</strong></span> <span class='ocrx_word' id='word_1_28' title='bbox 893 879 1046 974; x_wconf 78' lang='lat' dir='ltr'><strong>regiones,</strong></span> <span class='ocrx_word' id='word_1_29' title='bbox 1061 888 1093 940; x_wconf 90' lang='lat' dir='ltr'><strong>et</strong></span> <span class='ocrx_word' id='word_1_30' title='bbox 1106 899 1161 960; x_wconf 88' lang='lat' dir='ltr'><strong>per</strong></span> 
     </span>
    </p>
   </div>
   <div class='ocr_carea' id='block_1_6' title="bbox 10 953 1160 1056">
    <p class='ocr_par' dir='ltr' id='par_1_6' title="bbox 10 953 1160 1056">
     <span class='ocr_line' id='line_1_8' title="bbox 10 953 1160 1056; baseline 0.002 -34"><span class='ocrx_word' id='word_1_31' title='bbox 10 953 30 978; x_wconf 71' lang='lat'><strong>⁵¹</strong></span> <span class='ocrx_word' id='word_1_32' title='bbox 148 1009 155 1033; x_wconf 74' lang='lat'><strong>,</strong></span> <span class='ocrx_word' id='word_1_33' title='bbox 210 970 329 1056; x_wconf 77' lang='lat' dir='ltr'><strong>septem</strong></span> <span class='ocrx_word' id='word_1_34' title='bbox 352 981 449 1024; x_wconf 89' lang='lat' dir='ltr'><strong>annos</strong></span> <span class='ocrx_word' id='word_1_35' title='bbox 473 962 623 1024; x_wconf 87' lang='lat' dir='ltr'><strong>ubertatis</strong></span> <span class='ocrx_word' id='word_1_36' title='bbox 647 963 804 1045; x_wconf 83' lang='lat' dir='ltr'><strong>congessit</strong></span> <span class='ocrx_word' id='word_1_37' title='bbox 825 981 993 1026; x_wconf 85' lang='lat' dir='ltr'><strong>maxunam</strong></span> <span class='ocrx_word' id='word_1_38' title='bbox 1017 961 1160 1052; x_wconf 76' lang='lat' dir='ltr'><strong>frumenti</strong></span> 
     </span>
    </p>
   </div>
   <div class='ocr_carea' id='block_1_7' title="bbox 210 1065 1159 1690">
    <p class='ocr_par' dir='ltr' id='par_1_7' title="bbox 211 1065 344 1106">
     <span class='ocr_line' id='line_1_9' title="bbox 211 1065 344 1106; baseline -0.008 -1"><span class='ocrx_word' id='word_1_39' title='bbox 211 1065 250 1106; x_wconf 92' lang='lat' dir='ltr'><strong>co</strong></span> <span class='ocrx_word' id='word_1_40' title='bbox 273 1065 344 1105; x_wconf 83' lang='lat' dir='ltr'><strong>ram.</strong></span> 
     </span>
    </p>

    <p class='ocr_par' dir='ltr' id='par_1_8' title="bbox 211 1065 1159 1295">
     <span class='ocr_line' id='line_1_10' title="bbox 253 1065 1159 1211; baseline 0.001 -21"><span class='ocrx_word' id='word_1_41' title='bbox 253 1065 371 1190; x_wconf 60' lang='lat' dir='ltr'><strong>liecuta&#39;</strong></span> <span class='ocrx_word' id='word_1_42' title='bbox 384 1139 432 1191; x_wconf 88' lang='lat' dir='ltr'><strong>est</strong></span> <span class='ocrx_word' id='word_1_43' title='bbox 445 1129 550 1211; x_wconf 91' lang='lat' dir='ltr'><strong>inopia</strong></span> <span class='ocrx_word' id='word_1_44' title='bbox 572 1141 691 1211; x_wconf 85' lang='lat' dir='ltr'><strong>septem</strong></span> <span class='ocrx_word' id='word_1_45' title='bbox 711 1149 869 1206; x_wconf 88' lang='lat' dir='ltr'><strong>annorum,</strong></span> <span class='ocrx_word' id='word_1_46' title='bbox 888 1139 921 1193; x_wconf 90' lang='lat' dir='ltr'><strong>et</strong></span> <span class='ocrx_word' id='word_1_47' title='bbox 941 1130 974 1192; x_wconf 92' lang='lat' dir='ltr'><strong>in</strong></span> <span class='ocrx_word' id='word_1_48' title='bbox 994 1129 1070 1193; x_wconf 92' lang='lat' dir='ltr'><strong>orbe</strong></span> <span class='ocrx_word' id='word_1_49' title='bbox 1092 1129 1159 1192; x_wconf 91' lang='lat' dir='ltr'><strong>uni·</strong></span> 
     </span>
     <span class='ocr_line' id='line_1_11' title="bbox 211 1211 670 1295; baseline 0.007 -24"><span class='ocrx_word' id='word_1_50' title='bbox 211 1231 299 1272; x_wconf 86' lang='lat' dir='ltr'><strong>verso</strong></span> <span class='ocrx_word' id='word_1_51' title='bbox 313 1211 409 1273; x_wconf 88' lang='lat' dir='ltr'><strong>fames</strong></span> <span class='ocrx_word' id='word_1_52' title='bbox 425 1213 670 1295; x_wconf 82' lang='lat' dir='ltr'><strong>ingravescebat.</strong></span> 
     </span>
    </p>

    <p class='ocr_par' dir='ltr' id='par_1_9' title="bbox 212 1294 1159 1459">
     <span class='ocr_line' id='line_1_12' title="bbox 254 1294 1159 1382; baseline 0.006 -27"><span class='ocrx_word' id='word_1_53' title='bbox 254 1295 345 1356; x_wconf 87' lang='lat' dir='ltr'><strong>Tuuc</strong></span> <span class='ocrx_word' id='word_1_54' title='bbox 361 1294 507 1378; x_wconf 85' lang='lat' dir='ltr'><strong>AEgyptii,</strong></span> <span class='ocrx_word' id='word_1_55' title='bbox 522 1317 598 1378; x_wconf 91' lang='lat' dir='ltr'><strong>quos</strong></span> <span class='ocrx_word' id='word_1_56' title='bbox 613 1298 773 1378; x_wconf 87' lang='lat' dir='ltr'><strong>premebat</strong></span> <span class='ocrx_word' id='word_1_57' title='bbox 792 1307 925 1382; x_wconf 82' lang='lat' dir='ltr'><strong>egestas,</strong></span> <span class='ocrx_word' id='word_1_58' title='bbox 950 1298 1092 1361; x_wconf 82' lang='lat' dir='ltr'><strong>adiemnt</strong></span> <span class='ocrx_word' id='word_1_59' title='bbox 1112 1318 1159 1360; x_wconf 84' lang='lat' dir='ltr'><strong>re·</strong></span> 
     </span>
     <span class='ocr_line' id='line_1_13' title="bbox 212 1379 627 1459; baseline 0.005 -21"><span class='ocrx_word' id='word_1_60' title='bbox 212 1397 295 1459; x_wconf 89' lang='lat' dir='ltr'><strong>gem,</strong></span> <span class='ocrx_word' id='word_1_61' title='bbox 310 1379 499 1458; x_wconf 79' lang='lat' dir='ltr'><strong>postulantes</strong></span> <span class='ocrx_word' id='word_1_62' title='bbox 512 1379 627 1442; x_wconf 92' lang='lat' dir='ltr'><strong>cibum.</strong></span> 
     </span>
    </p>

    <p class='ocr_par' dir='ltr' id='par_1_10' title="bbox 255 1461 919 1546">
     <span class='ocr_line' id='line_1_14' title="bbox 255 1461 919 1546; baseline 0.005 -24"><span class='ocrx_word' id='word_1_63' title='bbox 255 1461 346 1528; x_wconf 78' lang='lat' dir='ltr'><strong>Quos</strong></span> <span class='ocrx_word' id='word_1_64' title='bbox 360 1461 483 1524; x_wconf 87' lang='lat' dir='ltr'><strong>Pharao</strong></span> <span class='ocrx_word' id='word_1_65' title='bbox 497 1463 673 1525; x_wconf 87' lang='lat' dir='ltr'><strong>remittebat</strong></span> <span class='ocrx_word' id='word_1_66' title='bbox 686 1464 726 1525; x_wconf 89' lang='lat' dir='ltr'><strong>ad</strong></span> <span class='ocrx_word' id='word_1_67' title='bbox 740 1463 919 1546; x_wconf 85' lang='lat' dir='ltr'><strong>Josephum.</strong></span> 
     </span>
    </p>

    <p class='ocr_par' dir='ltr' id='par_1_11' title="bbox 210 1543 1156 1690">
     <span class='ocr_line' id='line_1_15' title="bbox 253 1543 1156 1632; baseline 0.006 -27"><span class='ocrx_word' id='word_1_68' title='bbox 253 1543 316 1606; x_wconf 94' lang='lat' dir='ltr'><strong>Hic</strong></span> <span class='ocrx_word' id='word_1_69' title='bbox 338 1557 442 1608; x_wconf 90' lang='lat' dir='ltr'><strong>autem</strong></span> <span class='ocrx_word' id='word_1_70' title='bbox 464 1546 585 1628; x_wconf 89' lang='lat' dir='ltr'><strong>aperuit</strong></span> <span class='ocrx_word' id='word_1_71' title='bbox 616 1546 735 1624; x_wconf 89' lang='lat' dir='ltr'><strong>horrea,</strong></span> <span class='ocrx_word' id='word_1_72' title='bbox 763 1557 796 1610; x_wconf 92' lang='lat' dir='ltr'><strong>et</strong></span> <span class='ocrx_word' id='word_1_73' title='bbox 823 1547 977 1632; x_wconf 86' lang='lat' dir='ltr'><strong>AEgyptiis</strong></span> <span class='ocrx_word' id='word_1_74' title='bbox 1009 1547 1156 1614; x_wconf 76' lang='lat' dir='ltr'><strong>firmenta</strong></span> 
     </span>
     <span class='ocr_line' id='line_1_16' title="bbox 210 1627 357 1690; baseline 0 -2"><span class='ocrx_word' id='word_1_75' title='bbox 210 1627 357 1690; x_wconf 87' lang='lat' dir='ltr'><strong>vendidit.</strong></span> 
     </span>
    </p>
   </div>
   <div class='ocr_carea' id='block_1_8' title="bbox 158 1813 1158 2565">
    <p class='ocr_par' dir='ltr' id='par_1_12' title="bbox 210 1813 1158 1962">
     <span class='ocr_line' id='line_1_17' title="bbox 252 1813 1158 1899; baseline 0.002 -23"><span class='ocrx_word' id='word_1_76' title='bbox 252 1813 298 1876; x_wconf 79' lang='lat' dir='ltr'><strong>Ex</strong></span> <span class='ocrx_word' id='word_1_77' title='bbox 312 1815 380 1877; x_wconf 91' lang='lat' dir='ltr'><strong>aliis</strong></span> <span class='ocrx_word' id='word_1_78' title='bbox 394 1837 517 1898; x_wconf 88' lang='lat' dir='ltr'><strong>quoque</strong></span> <span class='ocrx_word' id='word_1_79' title='bbox 532 1815 711 1898; x_wconf 86' lang='lat' dir='ltr'><strong>regionibus</strong></span> <span class='ocrx_word' id='word_1_80' title='bbox 729 1817 973 1880; x_wconf 88' lang='lat' dir='ltr'><strong>conveniebatur</strong></span> <span class='ocrx_word' id='word_1_81' title='bbox 994 1817 1026 1878; x_wconf 90' lang='lat' dir='ltr'><strong>in</strong></span> <span class='ocrx_word' id='word_1_82' title='bbox 1041 1813 1158 1899; x_wconf 81' lang='lat' dir='ltr'><strong>AEgyp-</strong></span> 
     </span>
     <span class='ocr_line' id='line_1_18' title="bbox 210 1899 896 1962; baseline -0.006 -2"><span class='ocrx_word' id='word_1_83' title='bbox 210 1909 274 1960; x_wconf 91' lang='lat' dir='ltr'><strong>tum</strong></span> <span class='ocrx_word' id='word_1_84' title='bbox 289 1899 329 1960; x_wconf 91' lang='lat' dir='ltr'><strong>ad</strong></span> <span class='ocrx_word' id='word_1_85' title='bbox 342 1901 504 1962; x_wconf 88' lang='lat' dir='ltr'><strong>emendam</strong></span> <span class='ocrx_word' id='word_1_86' title='bbox 519 1919 685 1962; x_wconf 91' lang='lat' dir='ltr'><strong>annonam.</strong></span> <span class='ocrx_word' id='word_1_87' title='bbox 892 1947 896 1956; x_wconf 93' lang='lat'>.</span> 
     </span>
    </p>

    <p class='ocr_par' dir='ltr' id='par_1_13' title="bbox 212 1980 1157 2128">
     <span class='ocr_line' id='line_1_19' title="bbox 234 1980 1157 2126; baseline 0.001 -83"><span class='ocrx_word' id='word_1_88' title='bbox 234 1982 370 2126; x_wconf 72' lang='lat' dir='ltr'><strong>lEiidem</strong></span> <span class='ocrx_word' id='word_1_89' title='bbox 401 1984 586 2046; x_wconf 87' lang='lat' dir='ltr'><strong>necessitate</strong></span> <span class='ocrx_word' id='word_1_90' title='bbox 617 1983 795 2065; x_wconf 89' lang='lat' dir='ltr'><strong>compulsus</strong></span> <span class='ocrx_word' id='word_1_91' title='bbox 820 1983 957 2046; x_wconf 82' lang='lat' dir='ltr'><strong>Iacobus</strong></span> <span class='ocrx_word' id='word_1_92' title='bbox 977 1982 1062 2046; x_wconf 85' lang='lat' dir='ltr'><strong>misit</strong></span> <span class='ocrx_word' id='word_1_93' title='bbox 1082 1980 1157 2044; x_wconf 94' lang='lat' dir='ltr'><strong>illuc</strong></span> 
     </span>
     <span class='ocr_line' id='line_1_20' title="bbox 212 2065 387 2128; baseline 0.006 -1"><span class='ocrx_word' id='word_1_94' title='bbox 212 2065 291 2127; x_wconf 84' lang='lat' dir='ltr'><strong>fiios</strong></span> <span class='ocrx_word' id='word_1_95' title='bbox 305 2087 387 2128; x_wconf 89' lang='lat' dir='ltr'><strong>suos.</strong></span> 
     </span>
    </p>

    <p class='ocr_par' dir='ltr' id='par_1_14' title="bbox 158 2147 1158 2565">
     <span class='ocr_line' id='line_1_21' title="bbox 251 2147 1158 2246; baseline 0 -35"><span class='ocrx_word' id='word_1_96' title='bbox 251 2149 360 2231; x_wconf 89' lang='lat' dir='ltr'><strong>Itaque</strong></span> <span class='ocrx_word' id='word_1_97' title='bbox 383 2149 514 2246; x_wconf 81' lang='lat' dir='ltr'><strong>profecti</strong></span> <span class='ocrx_word' id='word_1_98' title='bbox 535 2160 607 2212; x_wconf 91' lang='lat' dir='ltr'><strong>sunt</strong></span> <span class='ocrx_word' id='word_1_99' title='bbox 629 2149 735 2214; x_wconf 88' lang='lat' dir='ltr'><strong>fratres</strong></span> <span class='ocrx_word' id='word_1_100' title='bbox 756 2147 905 2232; x_wconf 81' lang='lat' dir='ltr'><strong>Josephi3</strong></span> <span class='ocrx_word' id='word_1_101' title='bbox 926 2150 982 2212; x_wconf 90' lang='lat' dir='ltr'><strong>sed</strong></span> <span class='ocrx_word' id='word_1_102' title='bbox 1003 2159 1091 2231; x_wconf 86' lang='lat' dir='ltr'><strong>pater</strong></span> <span class='ocrx_word' id='word_1_103' title='bbox 1110 2169 1158 2211; x_wconf 88' lang='lat' dir='ltr'><strong>re-</strong></span> 
     </span>
     <span class='ocr_line' id='line_1_22' title="bbox 159 2232 1155 2316; baseline -0.001 -21"><span class='ocrx_word' id='word_1_104' title='bbox 159 2275 164 2284; x_wconf 78' lang='lat'><strong>,</strong></span> <span class='ocrx_word' id='word_1_105' title='bbox 209 2232 300 2296; x_wconf 91' lang='lat' dir='ltr'><strong>tinuit</strong></span> <span class='ocrx_word' id='word_1_106' title='bbox 313 2235 395 2296; x_wconf 91' lang='lat' dir='ltr'><strong>domr</strong></span> <span class='ocrx_word' id='word_1_107' title='bbox 410 2244 485 2296; x_wconf 90' lang='lat' dir='ltr'><strong>natu</strong></span> <span class='ocrx_word' id='word_1_108' title='bbox 499 2233 669 2310; x_wconf 90' lang='lat' dir='ltr'><strong>minimum,</strong></span> <span class='ocrx_word' id='word_1_109' title='bbox 683 2234 737 2316; x_wconf 89' lang='lat' dir='ltr'><strong>qui</strong></span> <span class='ocrx_word' id='word_1_110' title='bbox 758 2235 928 2297; x_wconf 88' lang='lat' dir='ltr'><strong>vocabatur</strong></span> <span class='ocrx_word' id='word_1_111' title='bbox 948 2232 1155 2316; x_wconf 85' lang='lat' dir='ltr'><strong>Benjaminus.</strong></span> 
     </span>
     <span class='ocr_line' id='line_1_23' title="bbox 250 2316 1122 2397; baseline -0.003 -18"><span class='ocrx_word' id='word_1_112' title='bbox 250 2318 398 2380; x_wconf 87' lang='lat' dir='ltr'><strong>Timebat</strong></span> <span class='ocrx_word' id='word_1_113' title='bbox 411 2317 494 2380; x_wconf 89' lang='lat' dir='ltr'><strong>enim</strong></span> <span class='ocrx_word' id='word_1_114' title='bbox 507 2339 547 2380; x_wconf 91' lang='lat' dir='ltr'><strong>ne</strong></span> <span class='ocrx_word' id='word_1_115' title='bbox 562 2318 637 2397; x_wconf 91' lang='lat' dir='ltr'><strong>quid</strong></span> <span class='ocrx_word' id='word_1_116' title='bbox 650 2318 723 2382; x_wconf 87' lang='lat' dir='ltr'><strong>mali</strong></span> <span class='ocrx_word' id='word_1_117' title='bbox 737 2319 768 2380; x_wconf 86' lang='lat' dir='ltr'><strong>ci</strong></span> <span class='ocrx_word' id='word_1_118' title='bbox 783 2319 943 2380; x_wconf 89' lang='lat' dir='ltr'><strong>accideret</strong></span> <span class='ocrx_word' id='word_1_119' title='bbox 956 2317 988 2378; x_wconf 91' lang='lat' dir='ltr'><strong>in</strong></span> <span class='ocrx_word' id='word_1_120' title='bbox 1002 2316 1122 2378; x_wconf 89' lang='lat' dir='ltr'><strong>itinere.</strong></span> 
     </span>
     <span class='ocr_line' id='line_1_24' title="bbox 158 2395 1157 2482; baseline 0 -20"><span class='ocrx_word' id='word_1_121' title='bbox 158 2415 163 2422; x_wconf 81' lang='grc'><strong>’</strong></span> <span class='ocrx_word' id='word_1_122' title='bbox 251 2401 450 2482; x_wconf 78' lang='lat' dir='ltr'><strong>Benjarninus</strong></span> <span class='ocrx_word' id='word_1_123' title='bbox 471 2422 510 2462; x_wconf 80' lang='lat' dir='ltr'><strong>ex</strong></span> <span class='ocrx_word' id='word_1_124' title='bbox 531 2401 641 2462; x_wconf 71' lang='lat' dir='ltr'><strong>eudem</strong></span> <span class='ocrx_word' id='word_1_125' title='bbox 663 2412 760 2463; x_wconf 89' lang='lat' dir='ltr'><strong>matre</strong></span> <span class='ocrx_word' id='word_1_126' title='bbox 782 2411 872 2462; x_wconf 87' lang='lat' dir='ltr'><strong>natus</strong></span> <span class='ocrx_word' id='word_1_127' title='bbox 896 2410 963 2462; x_wconf 88' lang='lat' dir='ltr'><strong>erat</strong></span> <span class='ocrx_word' id='word_1_128' title='bbox 986 2399 1047 2479; x_wconf 70' lang='lat' dir='ltr'><strong>qut</strong></span> <span class='ocrx_word' id='word_1_129' title='bbox 1070 2395 1157 2462; x_wconf 84' lang='lat' dir='ltr'><strong>Jose-</strong></span> 
     </span>
     <span class='ocr_line' id='line_1_25' title="bbox 211 2482 1155 2565; baseline 0 -21"><span class='ocrx_word' id='word_1_130' title='bbox 211 2483 300 2565; x_wconf 68' lang='lat' dir='ltr'><strong>phus„</strong></span> <span class='ocrx_word' id='word_1_131' title='bbox 314 2483 447 2562; x_wconf 87' lang='lat' dir='ltr'><strong>ideoque</strong></span> <span class='ocrx_word' id='word_1_132' title='bbox 461 2483 492 2543; x_wconf 88' lang='lat' dir='ltr'><strong>ei</strong></span> <span class='ocrx_word' id='word_1_133' title='bbox 510 2482 603 2564; x_wconf 79' lang='lat' dir='ltr'><strong>longe</strong></span> <span class='ocrx_word' id='word_1_134' title='bbox 618 2484 716 2545; x_wconf 89' lang='lat' dir='ltr'><strong>carior</strong></span> <span class='ocrx_word' id='word_1_135' title='bbox 729 2493 795 2546; x_wconf 88' lang='lat' dir='ltr'><strong>erat</strong></span> <span class='ocrx_word' id='word_1_136' title='bbox 809 2485 900 2563; x_wconf 72' lang='lat' dir='ltr'><strong>quam</strong></span> <span class='ocrx_word' id='word_1_137' title='bbox 913 2483 1018 2545; x_wconf 82' lang='lat' dir='ltr'><strong>caeteri</strong></span> <span class='ocrx_word' id='word_1_138' title='bbox 1039 2482 1155 2546; x_wconf 86' lang='lat' dir='ltr'><strong>fratres.</strong></span> 
     </span>
    </p>
   </div>
   <div class='ocr_carea' id='block_1_9' title="bbox 557 2589 714 2648">
    <p class='ocr_par' dir='ltr' id='par_1_15' title="bbox 557 2589 714 2648">
     <span class='ocr_line' id='line_1_26' title="bbox 557 2589 714 2648; baseline 0.006 -2"><span class='ocrx_word' id='word_1_139' title='bbox 557 2617 561 2621; x_wconf 94' lang='lat'>·</span> <span class='ocrx_word' id='word_1_140' title='bbox 664 2589 714 2648; x_wconf 83' lang='lat'><strong>56.</strong></span> 
     </span>
    </p>
   </div>
   <div class='ocr_carea' id='block_1_10' title="bbox 210 2685 1234 3663">
    <p class='ocr_par' dir='ltr' id='par_1_16' title="bbox 210 2685 1157 2853">
     <span class='ocr_line' id='line_1_27' title="bbox 252 2685 1157 2782; baseline -0.001 -32"><span class='ocrx_word' id='word_1_141' title='bbox 252 2687 372 2782; x_wconf 71' lang='lat' dir='ltr'><strong>Decem</strong></span> <span class='ocrx_word' id='word_1_142' title='bbox 387 2685 503 2764; x_wconf 84' lang='lat' dir='ltr'><strong>fratres,</strong></span> <span class='ocrx_word' id='word_1_143' title='bbox 518 2687 571 2749; x_wconf 95' lang='lat' dir='ltr'><strong>ubi</strong></span> <span class='ocrx_word' id='word_1_144' title='bbox 586 2685 618 2749; x_wconf 92' lang='lat' dir='ltr'><strong>in</strong></span> <span class='ocrx_word' id='word_1_145' title='bbox 633 2697 836 2770; x_wconf 87' lang='lat' dir='ltr'><strong>conspectum</strong></span> <span class='ocrx_word' id='word_1_146' title='bbox 859 2687 984 2770; x_wconf 91' lang='lat' dir='ltr'><strong>Josephi</strong></span> <span class='ocrx_word' id='word_1_147' title='bbox 998 2699 1157 2762; x_wconf 85' lang='lat' dir='ltr'><strong>venerunt,</strong></span> 
     </span>
     <span class='ocr_line' id='line_1_28' title="bbox 210 2771 632 2853; baseline -0.005 -19"><span class='ocrx_word' id='word_1_148' title='bbox 210 2791 283 2834; x_wconf 89' lang='lat' dir='ltr'><strong>eum</strong></span> <span class='ocrx_word' id='word_1_149' title='bbox 297 2771 386 2853; x_wconf 91' lang='lat' dir='ltr'><strong>proni</strong></span> <span class='ocrx_word' id='word_1_150' title='bbox 400 2771 536 2834; x_wconf 87' lang='lat' dir='ltr'><strong>venerati</strong></span> <span class='ocrx_word' id='word_1_151' title='bbox 552 2781 632 2832; x_wconf 89' lang='lat' dir='ltr'><strong>sunt.</strong></span> 
     </span>
    </p>

    <p class='ocr_par' dir='ltr' id='par_1_17' title="bbox 253 2853 1130 2938">
     <span class='ocr_line' id='line_1_29' title="bbox 253 2853 1130 2938; baseline -0.005 -21"><span class='ocrx_word' id='word_1_152' title='bbox 253 2855 390 2936; x_wconf 89' lang='lat' dir='ltr'><strong>Agnovit</strong></span> <span class='ocrx_word' id='word_1_153' title='bbox 403 2875 457 2916; x_wconf 91' lang='lat' dir='ltr'><strong>eos</strong></span> <span class='ocrx_word' id='word_1_154' title='bbox 471 2853 633 2934; x_wconf 88' lang='lat' dir='ltr'><strong>Josephus,</strong></span> <span class='ocrx_word' id='word_1_155' title='bbox 647 2875 706 2916; x_wconf 91' lang='lat' dir='ltr'><strong>nec</strong></span> <span class='ocrx_word' id='word_1_156' title='bbox 722 2854 787 2937; x_wconf 87' lang='lat' dir='ltr'><strong>ipse</strong></span> <span class='ocrx_word' id='word_1_157' title='bbox 802 2865 850 2918; x_wconf 88' lang='lat' dir='ltr'><strong>est</strong></span> <span class='ocrx_word' id='word_1_158' title='bbox 863 2857 1006 2938; x_wconf 88' lang='lat' dir='ltr'><strong>cognitus</strong></span> <span class='ocrx_word' id='word_1_159' title='bbox 1020 2855 1060 2916; x_wconf 88' lang='lat' dir='ltr'><strong>ab</strong></span> <span class='ocrx_word' id='word_1_160' title='bbox 1075 2853 1130 2914; x_wconf 89' lang='lat' dir='ltr'><strong>eis.</strong></span> 
     </span>
    </p>

    <p class='ocr_par' dir='ltr' id='par_1_18' title="bbox 212 2937 1160 3102">
     <span class='ocr_line' id='line_1_30' title="bbox 255 2937 1160 3018; baseline -0.007 -18"><span class='ocrx_word' id='word_1_161' title='bbox 255 2937 364 3000; x_wconf 89' lang='lat' dir='ltr'><strong>Noluit</strong></span> <span class='ocrx_word' id='word_1_162' title='bbox 378 2937 515 3000; x_wconf 86' lang='lat' dir='ltr'><strong>indicare</strong></span> <span class='ocrx_word' id='word_1_163' title='bbox 535 2938 638 3000; x_wconf 88' lang='lat' dir='ltr'><strong>statim</strong></span> <span class='ocrx_word' id='word_1_164' title='bbox 659 2937 727 3018; x_wconf 88' lang='lat' dir='ltr'><strong>quis</strong></span> <span class='ocrx_word' id='word_1_165' title='bbox 748 2949 839 3015; x_wconf 87' lang='lat' dir='ltr'><strong>esset,</strong></span> <span class='ocrx_word' id='word_1_166' title='bbox 853 2941 908 3002; x_wconf 89' lang='lat' dir='ltr'><strong>sed</strong></span> <span class='ocrx_word' id='word_1_167' title='bbox 922 2959 976 3001; x_wconf 89' lang='lat' dir='ltr'><strong>eos</strong></span> <span class='ocrx_word' id='word_1_168' title='bbox 990 2937 1160 3016; x_wconf 88' lang='lat' dir='ltr'><strong>interroga·</strong></span> 
     </span>
     <span class='ocr_line' id='line_1_31' title="bbox 212 3017 1111 3102; baseline -0.003 -19"><span class='ocrx_word' id='word_1_169' title='bbox 212 3021 256 3084; x_wconf 87' lang='lat' dir='ltr'><strong>vit</strong></span> <span class='ocrx_word' id='word_1_170' title='bbox 269 3031 414 3102; x_wconf 87' lang='lat' dir='ltr'><strong>tanquam</strong></span> <span class='ocrx_word' id='word_1_171' title='bbox 430 3020 567 3082; x_wconf 87' lang='lat' dir='ltr'><strong>alienos:</strong></span> <span class='ocrx_word' id='word_1_172' title='bbox 589 3021 671 3083; x_wconf 88' lang='lat' dir='ltr'><strong>unde</strong></span> <span class='ocrx_word' id='word_1_173' title='bbox 686 3021 820 3098; x_wconf 89' lang='lat' dir='ltr'><strong>venistis,</strong></span> <span class='ocrx_word' id='word_1_174' title='bbox 835 3033 867 3085; x_wconf 88' lang='lat' dir='ltr'><strong>et</strong></span> <span class='ocrx_word' id='word_1_175' title='bbox 881 3043 943 3102; x_wconf 92' lang='lat' dir='ltr'><strong>quo</strong></span> <span class='ocrx_word' id='word_1_176' title='bbox 957 3017 1111 3082; x_wconf 85' lang='lat' dir='ltr'><strong>consilio?</strong></span> 
     </span>
    </p>

    <p class='ocr_par' dir='ltr' id='par_1_19' title="bbox 212 3101 1161 3274">
     <span class='ocr_line' id='line_1_32' title="bbox 251 3101 1161 3186; baseline 0.001 -21"><span class='ocrx_word' id='word_1_177' title='bbox 251 3103 321 3172; x_wconf 74' lang='lat' dir='ltr'><strong>Qui</strong></span> <span class='ocrx_word' id='word_1_178' title='bbox 343 3104 582 3185; x_wconf 86' lang='lat' dir='ltr'><strong>responderunt:</strong></span> <span class='ocrx_word' id='word_1_179' title='bbox 613 3103 743 3186; x_wconf 80' lang='lat' dir='ltr'><strong>profecti</strong></span> <span class='ocrx_word' id='word_1_180' title='bbox 765 3125 869 3168; x_wconf 81' lang='lat' dir='ltr'><strong>sumus</strong></span> <span class='ocrx_word' id='word_1_181' title='bbox 890 3125 909 3166; x_wconf 88' lang='lat' dir='ltr'><strong>e</strong></span> <span class='ocrx_word' id='word_1_182' title='bbox 931 3101 1058 3182; x_wconf 93' lang='lat' dir='ltr'><strong>regione</strong></span> <span class='ocrx_word' id='word_1_183' title='bbox 1079 3101 1161 3165; x_wconf 87' lang='lat' dir='ltr'><strong>Cha-</strong></span> 
     </span>
     <span class='ocr_line' id='line_1_33' title="bbox 212 3187 874 3274; baseline -0.006 -22"><span class='ocrx_word' id='word_1_184' title='bbox 212 3209 294 3252; x_wconf 88' lang='lat' dir='ltr'><strong>naan</strong></span> <span class='ocrx_word' id='word_1_185' title='bbox 308 3197 343 3249; x_wconf 94' lang='lat' dir='ltr'><strong>ut</strong></span> <span class='ocrx_word' id='word_1_186' title='bbox 356 3207 493 3249; x_wconf 87' lang='lat' dir='ltr'><strong>emamus</strong></span> <span class='ocrx_word' id='word_1_187' title='bbox 507 3187 702 3249; x_wconf 87' lang='lat' dir='ltr'><strong>frumentum.</strong></span> <span class='ocrx_word' id='word_1_188' title='bbox 868 3261 874 3274; x_wconf 20' lang='grc' dir='ltr'><strong>ι</strong></span> 
     </span>
    </p>

    <p class='ocr_par' dir='ltr' id='par_1_20' title="bbox 212 3267 1234 3521">
     <span class='ocr_line' id='line_1_34' title="bbox 256 3267 1234 3352; baseline -0.003 -18"><span class='ocrx_word' id='word_1_189' title='bbox 256 3271 330 3334; x_wconf 82' lang='grc' dir='ltr'><strong>Νοη</strong></span> <span class='ocrx_word' id='word_1_190' title='bbox 344 3281 391 3332; x_wconf 89' lang='lat' dir='ltr'><strong>est</strong></span> <span class='ocrx_word' id='word_1_191' title='bbox 404 3270 456 3346; x_wconf 90' lang='lat' dir='ltr'><strong>ita,</strong></span> <span class='ocrx_word' id='word_1_192' title='bbox 473 3271 574 3352; x_wconf 90' lang='lat' dir='ltr'><strong>inquit</strong></span> <span class='ocrx_word' id='word_1_193' title='bbox 585 3270 755 3352; x_wconf 84' lang='lat' dir='ltr'><strong>Josephus3</strong></span> <span class='ocrx_word' id='word_1_194' title='bbox 776 3269 832 3332; x_wconf 88' lang='lat' dir='ltr'><strong>sed</strong></span> <span class='ocrx_word' id='word_1_195' title='bbox 845 3267 971 3330; x_wconf 88' lang='lat' dir='ltr'><strong>venistis</strong></span> <span class='ocrx_word' id='word_1_196' title='bbox 984 3267 1045 3330; x_wconf 91' lang='lat' dir='ltr'><strong>huc</strong></span> <span class='ocrx_word' id='word_1_197' title='bbox 1060 3269 1158 3331; x_wconf 88' lang='lat' dir='ltr'><strong>animo</strong></span> <span class='ocrx_word' id='word_1_198' title='bbox 1233 3277 1234 3350; x_wconf 68' lang='lat' dir='ltr'>j</span> 
     </span>
     <span class='ocr_line' id='line_1_35' title="bbox 212 3351 1234 3438; baseline -0.002 -20"><span class='ocrx_word' id='word_1_199' title='bbox 212 3354 338 3418; x_wconf 88' lang='lat' dir='ltr'><strong>hostili:</strong></span> <span class='ocrx_word' id='word_1_200' title='bbox 358 3353 448 3418; x_wconf 84' lang='lat' dir='ltr'><strong>vultis</strong></span> <span class='ocrx_word' id='word_1_201' title='bbox 469 3354 629 3436; x_wconf 86' lang='lat' dir='ltr'><strong>explorare</strong></span> <span class='ocrx_word' id='word_1_202' title='bbox 651 3365 770 3418; x_wconf 85' lang='lat' dir='ltr'><strong>nostras</strong></span> <span class='ocrx_word' id='word_1_203' title='bbox 783 3351 876 3414; x_wconf 91' lang='lat' dir='ltr'><strong>urbes</strong></span> <span class='ocrx_word' id='word_1_204' title='bbox 897 3360 930 3414; x_wconf 87' lang='lat' dir='ltr'><strong>et</strong></span> <span class='ocrx_word' id='word_1_205' title='bbox 950 3351 1021 3438; x_wconf 87' lang='lat' dir='ltr'><strong>loca</strong></span> <span class='ocrx_word' id='word_1_206' title='bbox 1034 3351 1160 3436; x_wconf 82' lang='lat' dir='ltr'><strong>AEgypti</strong></span> <span class='ocrx_word' id='word_1_207' title='bbox 1233 3357 1234 3366; x_wconf 75' lang='grc'>’</span> 
     </span>
     <span class='ocr_line' id='line_1_36' title="bbox 213 3437 1060 3521; baseline -0.004 -20"><span class='ocrx_word' id='word_1_208' title='bbox 213 3459 321 3521; x_wconf 87' lang='lat' dir='ltr'><strong>parum</strong></span> <span class='ocrx_word' id='word_1_209' title='bbox 334 3437 463 3502; x_wconf 85' lang='lat' dir='ltr'><strong>munita.</strong></span> <span class='ocrx_word' id='word_1_210' title='bbox 1057 3479 1060 3486; x_wconf 36' lang='grc' dir='ltr'><strong><em>ι</em></strong></span> 
     </span>
    </p>

    <p class='ocr_par' dir='ltr' id='par_1_21' title="bbox 256 3515 1160 3599">
     <span class='ocr_line' id='line_1_37' title="bbox 256 3515 1160 3599; baseline -0.009 -15"><span class='ocrx_word' id='word_1_211' title='bbox 256 3521 299 3586; x_wconf 90' lang='lat' dir='ltr'><strong>At</strong></span> <span class='ocrx_word' id='word_1_212' title='bbox 327 3521 393 3584; x_wconf 88' lang='lat' dir='ltr'><strong>illi:</strong></span> <span class='ocrx_word' id='word_1_213' title='bbox 420 3520 557 3596; x_wconf 68' lang='lat' dir='ltr'><strong>minime,</strong></span> <span class='ocrx_word' id='word_1_214' title='bbox 580 3515 743 3599; x_wconf 82' lang='lat' dir='ltr'><strong>inquiunt:</strong></span> <span class='ocrx_word' id='word_1_215' title='bbox 770 3517 846 3582; x_wconf 90' lang='lat' dir='ltr'><strong>nihil</strong></span> <span class='ocrx_word' id='word_1_216' title='bbox 870 3520 942 3584; x_wconf 86' lang='lat' dir='ltr'><strong>mali</strong></span> <span class='ocrx_word' id='word_1_217' title='bbox 970 3519 1160 3590; x_wconf 79' lang='lat' dir='ltr'><strong>meditamur,</strong></span> 
     </span>
    </p>

    <p class='ocr_par' dir='ltr' id='par_1_22' title="bbox 474 3605 1233 3663">
     <span class='ocr_line' id='line_1_38' title="bbox 474 3605 1233 3663; baseline -0.003 0"><span class='ocrx_word' id='word_1_218' title='bbox 474 3611 494 3663; x_wconf 83' lang='lat'>4</span> <span class='ocrx_word' id='word_1_219' title='bbox 510 3605 530 3639; x_wconf 40' lang='grc' dir='ltr'><strong>ἦ</strong></span> <span class='ocrx_word' id='word_1_220' title='bbox 1231 3615 1233 3622; x_wconf 83' lang='grc'><em>’</em></span> 
     </span>
    </p>
   </div>
   <div class='ocr_carea' id='block_1_11' title="bbox 0 0 1250 4038">
    <p class='ocr_par' dir='ltr' id='par_1_23' title="bbox 0 0 1250 4038">
     <span class='ocr_line' id='line_1_39' title="bbox 0 0 1250 4038; baseline 0 0"><span class='ocrx_word' id='word_1_221' title='bbox 0 0 1250 4038; x_wconf 95' lang='lat' dir='ltr'><strong> </strong></span> 
     </span>
    </p>
   </div>
  </div>
 </body>
</html>
