2472 4038
28 29 32 105 t

579 241 628 316 95

178 425 279 509 Turpe
293 435 342 490 est
355 423 439 488 aliud
453 422 549 504 loqui,
564 423 650 488 aliud
675 421 811 499 sentiro3
830 421 915 505 quod
936 421 1086 488 sentimus

138 508 302 613 loquamur,
317 509 401 593 quod
415 507 570 590 loquimur
583 508 773 572 sentiamus:
793 508 963 572 concordet
984 527 1086 572 sermo
1106 609 1110 620 ,

136 605 348 742 cmliddtdmet
367 676 479 740 veritas
492 675 643 760 angulos3
665 676 697 738 in
711 677 816 741 medio
830 685 909 739 stet:
929 675 1005 739 licet
1018 673 1086 738 nul·

134 761 197 824 lum
211 773 374 844 patronum
389 771 443 824 aut
463 761 657 824 defensorem
679 761 831 839 obtineat,
853 771 957 824 temen
975 774 1031 842 per
1052 779 1086 824 se

18 911 19 930 χ
134 846 202 929 ipsa
212 846 399 910 defenditur.

175 930 250 994 Non
277 930 376 994 solum
397 928 535 1012 proditor
564 939 611 992 est
631 928 777 1005 veritatis,
807 928 860 1010 qui
889 927 1089 990 menducium

18 1005 20 1022 '
132 1035 190 1096 pro
216 1014 344 1078 veritate
377 1013 524 1094 loquitur,
554 1013 610 1075 sed
640 1013 692 1094 qui
720 1033 784 1074 non
808 1011 904 1076 libere
926 1012 1088 1074 veritatem

131 1098 311 1180 pronuntiat
332 1118 426 1179 quum
447 1097 645 1179 pronuntiare
666 1106 809 1178 oportet;
830 1105 968 1159 autnon
990 1094 1086 1160 libere

131 1182 273 1246 defendit
285 1182 461 1246 libertatem
475 1203 568 1263 quum
582 1181 749 1244 defendere
764 1190 896 1263 oportet.

503 1288 714 1343 AFFECTUS.

178 1376 322 1442 Affectus
335 1378 459 1458 quidem
473 1388 537 1441 tem
550 1377 624 1440 muli
642 1375 772 1440 ministri
787 1397 880 1459 quam
894 1377 991 1441 duces
1005 1388 1086 1442 sunt.

176 1461 286 1525 Facile
308 1473 356 1526 est
380 1451 508 1526 effectus
529 1472 659 1538 nostros,
682 1481 777 1541 quum
795 1461 926 1543 primum
940 1461 1088 1539 oriuntur,

132 1549 301 1610 coercere:
332 1547 475 1609 morbum
496 1547 586 1630 signe
606 1556 820 1629 praecurrunt:
851 1546 979 1628 prodest
1008 1567 1089 1609 mor·

131 1628 312 1726 bumsuum
333 1630 435 1708 ndsse,
457 1641 491 1695 et
511 1631 590 1694 vires
611 1629 688 1714 ejus,
720 1628 887 1712 antequem
908 1629 1088 1714 spatientur,

131 1733 153 1776 o
196 1735 315 1778 umere.

153 1734 345 1880 pidupiditati
360 1797 436 1862 nihil
451 1799 525 1863 satis
547 1809 616 1878 est3
637 1809 756 1862 naturae
774 1796 849 1862 satis
863 1807 911 1863 est
924 1798 1022 1872 etiam
1033 1819 1088 1882 pn-

130 1903 217 1946 rum:
238 1904 421 1946 necessanae
444 1883 618 1968 cupidines,
640 1903 701 1946 nec
723 1883 820 1966 operd
835 1882 942 1961 multi,
956 1904 1017 1948 nec
1032 1883 1089 1948 im·

130 1966 229 2050 pensb
242 1965 418 2050 implentur.

177 2049 369 2135 Pythagoras
383 2052 630 2134 perturbationes
645 2049 739 2115 animi
754 2051 820 2136 lyrfs
833 2051 1052 2136 componebat:

147 2320 154 2333 ι
175 2235 295 2302 Piusiu
316 2239 491 2336 metuendo·
507 2247 558 2302 est
577 2237 662 2315 mali,
687 2239 780 2319 quim
801 2236 833 2300 in
854 2257 894 2302 eo
914 2237 983 2322 ipso
1004 2238 1089 2322 quod

131 2332 284 2501 tlm'fiiiifdr
301 2407 460 2502 modestus
484 2407 672 2485 cautionem,
695 2407 862 2472 vehemens
882 2405 955 2470 verb
978 2405 1089 2488 despe-

133 2499 287 2552 rationem
302 2501 392 2571 punt.

177 2573 298 2656 Magne
319 2583 367 2635 est
387 2568 526 2650 stultitia,
548 2573 581 2636 id
595 2574 696 2657 ipsum
718 2575 801 2656 quod
821 2572 954 2640 verearis
975 2573 1020 2640 ita
1034 2595 1088 2639 cu-

56 2709 58 2712 .
132 2677 215 2733 vere,
246 2667 280 2719 ut
310 2657 381 2720 cinn
403 2655 499 2720 vitare
522 2657 649 2722 fortusse
670 2659 816 2742 potueris,
838 2659 919 2723 ultro
947 2680 1088 2724 accerses

19 2755 30 2776 ²
132 2745 166 2804 e't
179 2740 323 2804 attrahes.

176 2825 282 2910 Auget
312 2825 371 2890 sibi
402 2825 577 2890 molestiam
606 2823 659 2910 qui
689 2827 779 2891 timet
809 2826 894 2910 quod
914 2826 1003 2892 vitari
1024 2847 1087 2891 non
1122 2799 1124 2805 Ι

18 2951 19 2986 r
133 2919 247 2992 potest.

118 3043 126 3060 .
175 2993 382 3059 Miserrimum
403 3005 450 3059 est
471 3015 695 3060 consenescere
709 3007 795 3060 metu
815 2995 890 3061 mali
911 2997 996 3080 quod
1009 3013 1087 3057 non-

37 3113 40 3118 ν
131 3077 209 3140 dum
222 3077 316 3140 venit.

56 3183 65 3206 κ
100 3215 103 3219 ,
176 3159 242 3230 Qui
268 3159 392 3224 insidias
413 3162 501 3226 timet
523 3163 590 3226 rard
611 3155 861 3230 circiunvenitur.
907 3164 1000 3246 Saepe
1021 3181 1087 3226 me-

19 3311 20 3320 *
131 3245 249 3309 tuendo
263 3245 386 3328 sepiens
399 3247 514 3311 mulum
528 3247 614 3311 vitat.

174 3447 278 3512 Multo
292 3447 398 3525 setius,
421 3365 766 3533 multoqueLidiiiosius
791 3445 933 3512 oblivisci
955 3449 1085 3538 injuriae,

18 3619 19 3634 χ
132 3532 225 3615 quem
252 3531 388 3598 ulciscir
422 3535 602 3620 generosior
638 3546 686 3601 est
719 3532 807 3600 nulla
843 3531 959 3602 oblivio
993 3541 1085 3621 quun
