2492 4038
538 264 543 274 -
596 175 663 329 aa

208 408 266 471 cui
288 409 414 473 Isaacus
448 407 561 470 mirans
585 407 682 470 dixit:
721 406 789 486 quis
811 414 860 470 est
883 425 963 488 ergo
987 405 1039 470 ille
1065 426 1118 487 qur

167 492 256 558 modo
272 493 375 556 attulit
389 491 463 556 mihi
478 493 593 568 cibum,
607 501 640 553 et
654 490 706 552 eui
726 501 910 572 apprecatus
931 511 1000 552 sum
1014 489 1119 552 omnia

168 577 275 652 fausta,
291 587 438 657 tanquam
454 573 684 658 primogenito?
807 579 809 582 ’

209 661 305 728 Quod
328 660 457 722 audiens
480 659 575 732 Esai'rs
597 657 696 721 edidit
717 678 866 742 magnum
887 657 1064 732 clamorem,
1086 666 1119 718 et

169 743 309 826 implevit
322 743 449 806 domum
464 742 615 805 lamentis.

500 944 502 948 ,
615 891 666 950 33.

209 1006 305 1069 Esai'rs
320 1006 430 1069 ardens
444 1005 489 1068 ira
502 1003 677 1067 minabatur
690 1015 821 1068 mortem
835 1003 967 1068 Jacobo.

208 1091 317 1160 Quare
331 1090 483 1156 Rebecca
495 1098 593 1150 mater
607 1087 719 1150 timens
733 1088 851 1152 dilecto
871 1087 939 1150 filio
953 1107 1020 1164 suo,
1035 1087 1119 1170 firgo,

167 1174 276 1255 inquit,
291 1173 335 1236 fili
358 1173 419 1251 mi;
441 1172 493 1234 abi
515 1172 555 1234 ad
575 1171 739 1234 Labanum
760 1171 947 1236 avunculum
968 1182 1066 1247 tuum,
1087 1182 1120 1234 et

166 1277 357 1320 commorare
372 1256 454 1336 apud
468 1276 549 1331 eum,
563 1259 665 1316 donec
683 1254 728 1316 ira
742 1254 840 1318 fratris
855 1255 900 1318 tui
914 1255 1118 1317 defervescat.

210 1339 512 1421 Jacobus,di1nissus
527 1360 546 1400 a
563 1349 651 1420 patre
675 1348 708 1400 et
728 1349 836 1414 matre,
854 1339 1011 1421 profectus
1025 1349 1074 1402 est
1088 1338 1120 1400 in

167 1422 440 1504 Mesopotamiam.

209 1506 275 1569 Iter
296 1504 415 1568 faciens
429 1505 569 1588 pervenit
590 1505 630 1566 ad
651 1504 805 1584 quendam
818 1505 932 1581 locum,
948 1506 1003 1568 ubi
1024 1504 1121 1568 fessus

169 1591 207 1653 de
231 1589 281 1651 via
303 1589 523 1670 pernoctavit:
553 1589 717 1670 supposuit
737 1588 873 1670 lapidem
894 1589 990 1671 capiti
1012 1609 1068 1652 suo
1088 1599 1121 1652 et

172 1671 365 1737 obdormivit.
417 1697 418 1701 ¹
662 1739 675 1750 ,¹
724 1673 735 1695 s'

627 1776 679 1834 34.

212 1886 347 1950 Jacobus
368 1887 445 1950 vidit
465 1885 497 1948 in
519 1885 635 1949 somnis
656 1885 783 1962 scalam,
805 1883 883 1968 qum·
901 1889 1006 1950 innixa
1030 1899 1120 1951 terrae

168 1969 345 2052 pertinebat
359 1969 398 2032 ad
412 1969 537 2046 crelam,
562 1979 657 2050 atque
679 1969 809 2052 angelos
830 1971 889 2034 Dei
915 1972 1121 2034 ascendentes

167 2064 201 2130 et
214 2054 460 2116 descendentes:
484 2053 601 2116 audivit
613 2051 783 2118 Dominum
798 2055 957 2118 dicentem
971 2055 1046 2118 sibi:
1059 2075 1122 2137 ego

118 2211 119 2214 Ἴ
167 2158 237 2200 sum
259 2137 345 2200 Deus
366 2136 461 2220 patris
483 2137 635 2213 tut-dabo
657 2137 714 2200 tibi
736 2147 769 2199 et
790 2139 920 2220 posteris
934 2139 995 2202 tuis
1010 2149 1121 2202 terram

167 2221 220 2284 cui
235 2221 375 2284 incubas.
444 2231 447 2236 “
489 2293 504 2302 ..
672 2263 681 2282 ,ι

208 2303 283 2367 Noli
306 2304 435 2386 timere:
456 2323 517 2388 ego
532 2304 644 2370 favebo
658 2305 715 2368 tibi
730 2329 740 2386 3
761 2325 816 2368 ero
830 2315 935 2368 custos
950 2313 1030 2382 tuas,
1045 2326 1121 2387 quo·

166 2408 300 2470 cumque
315 2390 494 2470 perrexeris,
509 2399 543 2450 et
556 2389 751 2452 reducantte
766 2390 798 2450 in
809 2390 950 2470 patriam,
966 2409 1004 2450 ac
1019 2410 1074 2471 per
1088 2401 1119 2454 tc

166 2491 275 2535 omnes
289 2473 371 2534 orbis
385 2473 528 2532 nationes
542 2479 633 2531 erunt
645 2471 737 2532 bonis
750 2471 929 2532 cumulatae.

211 2552 230 2616 J
232 2551 350 2616 acobus
363 2551 603 2635 expergefactus
617 2552 756 2614 adoravit
769 2553 945 2622 Domimun.

618 2725 670 2784 35.

211 2833 348 2898 Iacobus
370 2835 429 2898 iter
444 2847 626 2918 persecutus
640 2836 780 2918 pervenit
793 2837 825 2901 in
841 2837 1119 2924 Mesopotamiam:

168 2918 245 2982 vidit
259 2928 320 2982 tres
334 2939 483 3002 pecorum
497 2941 610 3004 greges
624 2931 750 3004 propter
764 2931 892 3004 puteum
906 2926 1068 2989 cubantes.

211 3001 293 3065 Nam
314 3023 352 3064 ex
373 3023 413 3066 eo
433 3015 529 3085 puteo
550 3002 670 3088 gregas'
695 3004 837 3070 solebant
864 3009 1021 3092 adaquari.
1075 3009 1120 3073 Os

169 3085 255 3170 putei
271 3085 477 3150 claudebatur
489 3087 609 3171 ingenti
624 3087 738 3170 lapide.

205 3168 350 3232 ¹Jacobus
378 3171 512 3234 accessit
535 3171 622 3248 illuc,
637 3182 669 3235 et
689 3172 767 3236 dixit
788 3178 981 3259 pastoribus:
1004 3175 1120 3258 fratres,

169 3251 253 3316 unde
262 3252 363 3317 estis?
385 3255 438 3335 qui
453 3255 697 3337 responderunt:
718 3279 757 3321 ex
770 3260 848 3322 urbe
863 3261 981 3322 Haran.

213 3335 304 3405 Quos
318 3337 519 3422 interrogavit
531 3339 653 3417 iterum,
667 3342 816 3405 nostis-ne
837 3343 1025 3408 lemnum?
1046 3345 1121 3414 Dix-

170 3431 271 3496 erunt,
291 3421 442 3484 novimus.
486 3421 651 3492 Valet-net
674 3425 767 3501 valet,
781 3425 946 3506 inquiunt:
967 3448 1044 3495 eece
1058 3431 1121 3496 Ra·

170 3502 243 3568 cbel
258 3504 321 3568 filia
335 3507 401 3590 ejus
415 3506 499 3570 venit
515 3529 588 3570 cum
602 3527 698 3592 grege
715 3529 780 3570 suo.
930 3531 933 3536 ·
