2492 4038
563 265 613 333 40
627 305 631 312 .

116 445 193 508 bant
215 445 255 508 de
280 443 406 508 flumine
429 454 549 527 septem
570 465 676 508 vaccae
699 445 840 528 pingues,
863 464 933 525 quae
956 464 1050 526 pasce

118 529 227 590 bantur
241 529 273 590 in
287 529 411 610 palude.
1043 559 1045 563 v

158 611 280 674 Deinde
303 622 422 693 septem
443 610 513 672 aliae
535 633 641 675 vaccae
667 611 844 674 macilentae
866 611 1006 674 exienmt
1026 631 1065 672 ex

117 697 228 758 eodem
244 696 379 771 flumine,
394 717 464 776 quae
478 695 663 758 devorhnmt
677 695 804 778 priores.

92 847 96 855 ,
159 777 278 840 Pharao
313 790 510 860 experrectus
538 800 656 841 rursum
687 777 839 852 dormivit,
871 785 904 838 et
935 775 1066 838 alterum

118 861 226 923 habuit
241 861 402 924 somnium.

63 1005 67 1012 ,
162 945 291 1025 Septem
312 945 406 1026 spicae
430 945 530 1027 plenae
559 944 787 1008 enaseebantur
808 942 840 1004 in
861 963 924 1005 uno
953 941 1067 1018 eulm0,

120 1028 251 1109 alioeque
271 1029 400 1090 totidem
415 1029 511 1092 exiles
525 1027 775 1102 succrescebant,
789 1037 822 1090 et
836 1027 938 1109 spicas
959 1025 1068 1106 plenas

120 1113 353 1176 consumebant.
910 1121 911 1128 ’

164 1297 226 1361 Ubi
254 1299 364 1374 illuxit,
392 1299 511 1362 Pharao
541 1298 735 1382 perturbatus
756 1295 940 1360 convocavit
962 1315 1069 1359 omnes

122 1382 315 1464 conjectores
339 1383 476 1466 AEgypti,
511 1394 544 1446 et
576 1382 709 1446 narravit
735 1380 796 1444 illis
831 1382 1003 1458 somnium3
1037 1389 1070 1441 at

122 1487 214 1528 nemo
228 1477 350 1548 poterat
363 1467 440 1530 illud
454 1466 657 1548 interpretari.

166 1549 256 1612 Tune
287 1550 452 1631 praefectus
473 1551 688 1632 pincernarum
708 1549 785 1612 dixit
806 1549 872 1632 regi
889 1573 896 1612 :
918 1550 1069 1628 confiteor
1152 1567 1154 1570 ·

123 1645 288 1713 peccatum
302 1655 426 1696 meum:
448 1655 542 1715 quum
560 1655 621 1716 ego
635 1645 667 1696 et
681 1633 846 1715 praefectus
860 1634 1008 1714 pistorum
1021 1651 1069 1692 es·

123 1737 223 1778 semus
238 1717 269 1778 in
284 1738 419 1792 earcere,
435 1728 565 1797 uterque
580 1717 795 1778 somniavimus
809 1717 919 1780 eadem
933 1727 1037 1780 noete.

165 1799 239 1862 Erat
260 1795 303 1862 ibi
326 1821 402 1880 puer
423 1800 585 1876 Hebraeus,
608 1799 661 1880 qui
690 1800 780 1863 nobis
801 1802 956 1883 sapienter
976 1799 1069 1884 inter·

13 1879 16 1886 ’
123 1894 259 1966 pietatus
280 1893 327 1946 est
348 1883 466 1946 somnia
477 1905 486 1962 ;
507 1905 555 1946 res
577 1884 659 1947 enim
681 1883 963 1968 interpretationem
984 1897 1069 1949 com-

123 1966 272 2050 probavit.

576 2060 626 2118 52.

164 2153 233 2216 Rex
260 2155 418 2218 arcessivit
438 2155 617 2238 Josephum,
639 2156 729 2237 eique
749 2155 882 2220 narravit
905 2165 1068 2234 utrumque
1120 2195 1129 2202 -

122 2238 284 2301 somnium.
337 2240 419 2302 Tum
439 2239 592 2322 Josephus
612 2239 785 2302 Pharaoni:
812 2239 937 2320 duplex,
960 2236 1068 2318 inquit,

122 2321 273 2383 somnium
287 2343 380 2384 unam
394 2335 486 2404 atque
500 2323 632 2386 eandem
646 2343 711 2385 rem
724 2323 889 2405 significat.

165 2405 292 2485 Septem
306 2427 411 2469 vaccae
436 2407 567 2489 pingues
590 2417 622 2470 et
636 2417 755 2488 septem
769 2407 864 2489 spicae
882 2405 982 2488 plenae
995 2410 1069 2465 sunt
1151 2471 1154 2474 ,
1237 2421 1238 2482 7

122 2497 241 2568 septem
255 2489 326 2550 anni
342 2491 489 2554 ubertatis
503 2511 574 2554 mox
588 2501 734 2553 venturae.

165 2571 291 2650 Septem
301 2574 372 2634 verb
384 2595 490 2636 vaecae
501 2575 676 2638 macilentae
692 2584 724 2637 et
734 2583 854 2655 septem
864 2573 960 2655 spicae
972 2569 1069 2634 exiles
1107 2653 1111 2659 ,

7 2653 9 2736 j
121 2664 192 2714 sunt
206 2655 336 2716 totidem
351 2657 424 2716 anni
437 2656 535 2731 femie,
551 2679 620 2738 quae
637 2659 810 2720 ubertatem
825 2665 969 2718 secutura
982 2663 1040 2720 est·
1084 2699 1090 2715 .

163 2737 282 2816 Itaque,
298 2758 360 2813 rex,
376 2739 500 2818 praefice
517 2739 573 2800 toti
587 2739 725 2822 AEgypto
739 2740 836 2800 virum
850 2739 1022 2819 sapientem
1036 2745 1069 2798 et

7 2861 9 2900 ᾗ
121 2819 311 2895 industrium,
323 2821 375 2900 qui
391 2831 509 2902 partem
524 2821 645 2904 frugum
659 2823 808 2884 recondat
822 2821 853 2884 in
864 2821 980 2884 horreis
990 2818 1069 2902 pub-

123 2901 199 2978 licis,
214 2913 374 2984 servetque
388 2903 554 2986 diligenter
568 2905 599 2966 in
615 2905 785 2968 subsidium
800 2904 888 2968 samis
903 2913 1068 2976 secutura.

565 3026 615 3083 53.

162 3117 245 3200 Regi
267 3116 385 3198 placuit
396 3118 581 3199 consilium3
602 3140 697 3202 quare
719 3119 796 3183 dixit
817 3118 973 3202 Josepho:
994 3139 1068 3181 num

122 3200 282 3280 quisquam
303 3211 351 3262 est
371 3201 403 3262 in
425 3201 561 3283 AEgypto
583 3214 614 3266 te
636 3203 827 3284 sapientior?
859 3204 961 3267 Nemo
983 3203 1066 3265 certe

123 3281 266 3364 iungetur
279 3283 387 3348 melid's
402 3283 455 3346 illo
470 3307 605 3348 munere.

7 3363 9 3438 l
74 3443 78 3449 Δ
164 3365 212 3426 En
226 3367 282 3427 tibi
297 3368 385 3430 trado
400 3389 506 3430 curam
519 3371 607 3451 regni
621 3369 693 3432 mei.

164 3449 247 3509 Tum
260 3450 392 3513 detraxit
406 3471 424 3512 e
439 3473 529 3514 manu
545 3453 599 3514 sua
613 3451 770 3528 annulum,
785 3461 817 3514 et
830 3453 848 3516 J
850 3452 956 3534 osephi
971 3451 1069 3533 digito

124 3529 248 3592 inseruit
260 3554 269 3609 3
306 3533 404 3597 induit
429 3535 522 3628 ¹illurn
539 3547 637 3600 veste
660 3535 800 3619 byssina,
825 3536 909 3598 collo
930 3545 1070 3616 torquem
