2492 4038
612 227 655 298 51

165 405 303 552 alFiavit
323 407 418 471 etiam
438 418 549 472 ventus
579 406 755 484 vehemens,
775 427 838 489 quo
869 406 1046 471 exsiccatus
1066 417 1115 471 est

195 511 274 552 reus.
529 514 558 556 μ
860 513 870 524 “

203 575 293 637 Tunc
316 575 445 640 Hebraei
467 576 596 660 ingressi
619 576 744 638 suntin
764 596 848 638 mare
878 575 1015 639 siceum:
1046 585 1114 640 erat

161 657 241 720 enim
256 677 338 741 aqua
352 672 499 741 tanquam
512 681 616 723 murus
631 681 650 722 a
663 661 772 724 dextrd
786 681 893 722 eorum
906 671 939 722 et
953 660 1040 722 laevri.

199 741 269 804 Rex
298 765 422 825 quoque
451 743 624 828 AEgyptius‚
657 745 812 807 Hebraeos
834 743 1010 826 gradientes
1033 744 1113 808 inse-

128 837 134 844 “
161 836 259 921 cutus
281 849 344 890 non
366 829 529 924 dubitarit,
548 849 642 904 mare,
661 830 722 910 qud
745 827 884 912 patebat,
899 826 1020 910 ingredi
1041 849 1114 892 oum

160 929 303 974 universo
317 924 465 976 exercitu.

611 1003 662 1059 87.
908 1010 928 1046 θ

201 1103 310 1172 Quum
325 1103 464 1186 AEgyptii
483 1103 741 1185 progrederentur
761 1103 792 1166 in
807 1101 911 1165 medio
924 1098 1012 1177 mari,
1026 1098 1114 1164 dom·

157 1186 228 1248 inus
243 1187 394 1251 subvertit
408 1208 513 1250 eorum
529 1208 635 1248 currus
649 1197 682 1249 et
695 1187 811 1270 dejecit
824 1185 955 1268 equites.

203 1271 294 1336 Metu
317 1271 449 1353 perculsi
474 1269 613 1352 AEgyptii
641 1281 803 1352 coeperunt
824 1271 952 1353 fugere:
974 1279 1007 1332 at
1027 1267 1114 1332 Deus

157 1353 240 1416 dixit
260 1355 363 1418 Mosi:
384 1355 515 1417 extende
537 1376 639 1418 rursus
658 1355 799 1418 dextram
811 1354 843 1417 in
856 1375 952 1431 mare,
966 1364 1001 1417 ut
1022 1373 1112 1435 aquae

158 1449 353 1500 revertantur
367 1437 399 1500 in
413 1438 517 1502 looum
531 1459 630 1499 suurn.
1175 1509 1178 1512 ¹

203 1521 311 1585 Paruit
328 1523 444 1598 Moses,
468 1533 501 1585 et
522 1521 625 1583 statim
646 1541 735 1603 aquae
760 1521 926 1584 refluentes
947 1519 1114 1584 obruerunt

11 1611 21 1632 '
67 1655 73 1664 .
110 1633 112 1639 ’
159 1604 336 1688 AEgyptios‚
350 1616 383 1669 et
397 1627 503 1668 eorum
518 1625 623 1668 currus
638 1616 670 1668 et
684 1605 814 1686 equites.

201 1690 332 1754 Deletus
346 1699 394 1753 est
408 1690 567 1752 universus
590 1690 743 1752 exereitus
766 1687 934 1752 Pharaonis
952 1688 984 1752 in
1004 1688 1113 1754 mediis

158 1773 325 1870 fluctious3
342 1793 406 1838 neo
428 1794 508 1836 unus
529 1772 655 1855 quidem
668 1772 802 1836 nuncius
825 1783 920 1836 tantoe
942 1770 1048 1838 eladis'
1061 1795 1113 1836 su-

158 1859 283 2005 pegigi·
292 1943 379 2007 Deus
407 1941 549 2006 liberavit
580 1941 733 2008 Hebraeos
760 1942 800 2007 ab
825 1941 939 2027 injustd
960 1941 1112 2006 servitute

158 2025 387 2111 AEgyptionun.
833 2035 834 2040 ’

607 2131 657 2190 88.

201 2225 341 2302 Hebraei,
356 2227 486 2310 trajecto
507 2226 583 2290 mari
608 2225 726 2302 Rubro,
746 2225 800 2289 diu
824 2225 1027 2310 peragrdnmt
1047 2245 1113 2288 vas-

142 2374 143 2384 ,
158 2319 222 2374 tarn
237 2309 444 2374 solitudinem.

202 2395 319 2458 Deerat
340 2397 448 2476 panis3
471 2405 504 2458 at
524 2395 610 2458 Deus
631 2395 698 2477 ipse
720 2417 775 2458 eos
796 2395 893 2457 aluit:
915 2414 933 2456 e
955 2391 1038 2454 coelo
1059 2413 1114 2474 per

158 2500 258 2542 annos
281 2480 487 2561 quadraginta
510 2479 627 2542 cecidit
648 2478 746 2554 cibus,
766 2499 859 2561 quern
881 2474 1114 2558 appellaverunt

91 2591 95 2602 v
158 2583 279 2624 mxxxi.
1011 2623 1013 2630 ,

203 2645 309 2707 Inerat
322 2644 395 2708 huic
410 2644 483 2707 cibo
497 2654 605 2727 gustus
620 2643 729 2707 similae
744 2665 817 2708 oum
830 2643 922 2707 m'elle
935 2643 1050 2708 mixtae.
1136 2665 1139 2672 ’

203 2728 363 2792 Interdum
398 2729 493 2792 etiarn
526 2728 624 2792 defuit
659 2750 763 2810 aqua:
798 2739 839 2806 at,
870 2729 999 2814 jubente
1031 2730 1112 2805 Deo,

158 2812 265 2894 Moses
291 2813 486 2895 percutiebat
508 2834 616 2894 rupem
638 2813 732 2897 virgei,
747 2824 779 2877 et
801 2815 948 2877 continuo
970 2833 1112 2894 erumpe-

159 2898 237 2961 bant
251 2897 351 2961 fontes
366 2919 455 2980 aquae
470 2896 581 2960 duleis.

613 3004 664 3062 89.

203 3098 313 3160 Mense
344 3099 446 3176 tertio,
474 3108 637 3182 postquam
666 3099 795 3162 Hebraei
824 3098 942 3182 egressi
977 3103 1049 3158 sunt
1073 3099 1112 3158 ex'

160 3181 310 3264 AEgypto‚
325 3193 530 3264 pervenerunt
544 3184 581 3244 ad
597 3195 734 3246 montem
749 3184 845 3246 Sinae.

203 3267 252 3328 Ibi
268 3265 353 3327 Deus
368 3267 454 3328 dedit
467 3267 512 3329 eis
527 3266 630 3349 legem
644 3289 716 3330 eum
730 3277 881 3349 apparatu
895 3262 1040 3326 terrifico.

56 3427 60 3432 .
118 3355 121 3362 '
202 3349 373 3431 Coeperunt
394 3351 530 3414 exaudiri
548 3351 692 3429 tonitrua,
712 3351 829 3413 micare
852 3349 992 3430 fulgura:
1012 3348 1112 3412 nubes

79 3499 81 3510 ,
155 3432 257 3497 densa
277 3434 439 3516 operiebat
459 3447 605 3513 montem,
633 3447 666 3500 et
695 3435 827 3518 clangor
847 3431 991 3495 buecinae
1018 3431 1111 3499 vehe-
1161 3491 1169 3510 ,
1234 3433 1235 3474 ³

125 3604 128 3610 ¹
161 3519 291 3584 mentius
305 3520 528 3603 perstrepebat.
1016 3517 1022 3538 ⁸
