2472 4038
528 497 753 552 HUMILITAS.

207 605 362 669 Virtutum
382 605 616 671 fundamentum
636 616 684 671 est
706 606 880 686 humilitss3
901 606 962 690 quis
984 605 1115 686 sublati,

163 689 308 753 virtutum
322 692 526 774 congregatio
539 713 602 756 non
616 692 674 755 nisi
689 691 778 754 ruina
792 701 850 754 est.

206 773 375 836 Humilitas
390 774 457 837 solo
470 775 509 837 ad
523 775 706 859 dignitatem
720 775 770 836 via
784 785 842 838 est.
933 805 937 814 ·

205 857 424 920 Humilitatem
437 879 556 941 gerere,
570 861 641 922 cum
662 881 711 922 res
735 859 840 922 arduae
863 870 1016 941 premunt,
1030 861 1117 924 nulle

162 953 211 1005 est
232 941 484 1020 commendati03
513 943 592 1005 inter
616 953 720 1006 autem
744 963 793 1006 res
816 943 948 1006 maxime
963 945 1116 1008 secundos

162 1025 233 1089 vela
253 1026 407 1107 superbire
422 1025 595 1103 demittere,
609 1047 758 1090 summurn
771 1038 906 1089 meretur
920 1025 1054 1090 laudem.

161 1193 183 1256 h
206 1109 331 1256 Silquid
351 1109 473 1192 insigne
495 1109 614 1194 erigere
636 1109 721 1186 velis,
736 1109 970 1176 fundamentum
994 1111 1061 1196 ejus
1075 1111 1116 1176 sit

184 1213 250 1256 urm
264 1205 332 1256 rtas.

206 1277 282 1340 Plus
295 1287 342 1340 est
352 1277 487 1340 animum
500 1278 679 1360 deposuisse
694 1277 786 1360 quim
799 1277 939 1358 crdtum;
958 1277 1115 1344 difficilius

164 1361 350 1444 arrogantie,
365 1362 457 1444 quem
470 1382 546 1426 euro
560 1382 710 1440 caremus,
725 1372 779 1462 eut
791 1362 932 1448 gemmis.

522 1527 761 1584 ASSIDUI'I'AS.

203 1658 329 1722 Crebris
350 1659 466 1722 ictibus
487 1657 631 1742 dejicitur
654 1679 812 1740 quercus;
832 1677 892 1722 nec
914 1669 961 1722 est
982 1657 1046 1722 ulla
1067 1679 1115 1724 res

162 1753 236 1806 actu
250 1753 313 1806 tam
328 1743 432 1820 ardua,
447 1762 541 1823 quarn
554 1763 618 1806 non
633 1743 757 1806 assiduo
771 1743 921 1806 industria
934 1742 1060 1806 efficiat.

205 1827 394 1890 Eruditionis
408 1827 529 1891 radices
543 1837 615 1890 sunt
628 1827 755 1909 quidem
768 1827 842 1890 satis
860 1847 982 1904 momen,
998 1827 1115 1891 fructus

162 1921 270 1974 autem
282 1910 489 1986 dulcissimus.

205 1995 380 2058 Litersrum
407 1994 509 2057 studia
540 2015 596 2077 per
626 2015 660 2058 se
688 1995 829 2079 jucunde
849 2005 929 2072 sunt,
949 1995 1114 2078 multiplici

79 2119 84 2128 ·
162 2078 250 2142 enim
262 2079 421 2160 voluptate
435 2098 542 2140 curam
555 2088 737 2142 nostramet
752 2075 890 2141 laborem
901 2089 1114 2160 compensant.

207 2162 273 2232 Qui
287 2162 320 2225 in
334 2161 491 2244 praeclaris
505 2161 598 2224 rebus
619 2181 706 2225 suern
730 2162 912 2225 industrium
930 2173 1064 2238 exercet,
1079 2162 1115 2238 is,

160 2245 213 2394 pel
225 2246 253 2393 di
268 2265 356 2330 spem
370 2245 493 2309 fortuna
507 2245 639 2330 frustret,
654 2246 737 2309 omni
760 2246 851 2310 laude
872 2265 935 2310 non
949 2256 997 2310 est
1010 2244 1116 2308 exclu-

183 2351 224 2395 en
247 2351 294 2393 us.

206 2414 328 2478 Pudeat
340 2433 404 2492 vos,
418 2414 472 2496 qui
493 2413 600 2476 Muses
614 2413 734 2506 colitis,
756 2416 859 2478 turdos
883 2433 952 2482 esse
976 2423 1009 2477 et
1033 2414 1115 2498 supi-

162 2517 242 2576 n0s3
263 2499 338 2579 quin
352 2499 454 2579 potius
467 2497 649 2560 inmensum
664 2507 791 2586 pectore
806 2498 899 2561 robur
913 2497 998 2562 alite.

484 2615 490 2622 ι
542 2660 742 2718 PROMISSA.

205 2771 288 2842 Quae
304 2779 452 2853 praestere
466 2767 555 2845 nolis,
566 2789 643 2834 cave
657 2791 696 2834 ne
712 2771 881 2852 promittas.
900 2759 907 2768 ⁸
926 2771 1114 2852 Pridsqudm

162 2856 332 2939 promittas,
346 2853 486 2917 delibera
497 2876 506 2932 3
521 2853 576 2916 sed
587 2855 658 2916 curn
668 2854 852 2936 promiseris,
864 2854 914 2918 sac
924 2865 960 2919 ut
973 2865 1112 2938 praestes.

206 2940 455 3002 Fundamentum
466 2937 592 3019 justitiae
614 2937 761 3001 est‘fides
772 2961 782 3018 ;
802 2938 956 3003 dictorum
977 2957 1114 3001 conven-

162 3034 312 3102 tuumque
326 3021 502 3083 constantie
515 3030 548 3083 et
560 3021 683 3084 veritas.

206 3105 321 3168 Omnia
335 3104 469 3186 perdidit
483 3103 536 3184 qui
551 3103 644 3167 fidem
658 3105 802 3186 perdidit.

206 3187 327 3252 Parthis
354 3187 440 3250 nulla
467 3187 544 3250 fides
573 3187 632 3250 nisi
661 3191 808 3270 qunntr'un
836 3189 971 3274 expedit,
1000 3185 1112 3268 quibus
1163 3181 1168 3192 ’

162 3273 280 3338 utilitas
294 3281 343 3334 est
356 3291 476 3354 semper
490 3271 552 3334 fide
567 3273 710 3336 sanctior.

160 3366 165 3369 ”
205 3357 298 3421 Fides
311 3354 397 3418 nulle
410 3355 439 3418 vi
453 3356 494 3420 ed
508 3355 677 3420 fallendum
695 3359 827 3443 cogitur,
841 3353 929 3421 nullo
943 3356 1111 3442 corrumpi·

163 3452 211 3508 tur
225 3439 364 3523 praemio.

203 3525 268 3590 Fac
282 3544 406 3609 magno,
421 3523 465 3588 nil
479 3526 583 3610 magni
599 3526 789 3609 promittens.
