2472 4038
587 267 657 338 105

184 448 336 514 Homines
370 445 527 530 sapientes
557 445 660 511 solent
694 456 767 512 ante
799 446 883 512 faeta
913 447 1097 528 deliberare,

142 533 228 596 stulti
243 543 349 596 autern
364 541 436 614 post
449 529 543 594 facte.

183 616 347 680 Prudentis
361 615 456 679 estin
470 613 574 678 elieno
588 613 739 698 fixgienda
762 614 885 679 intueri.
928 616 1098 681 Prudentia

138 700 231 764 nobis
253 700 385 764 maxime
400 699 608 762 necessarium
621 708 690 778 est;
711 698 808 762 dooet
821 698 904 762 enim
918 700 993 781 quid
1016 700 1098 784 lugi·

137 784 267 860 endum,
292 785 369 865 quid
391 782 561 846 tenendum
581 781 640 844 sit:
659 782 756 845 docet
777 793 813 846 ut
833 783 865 846 in
886 783 1008 848 cunetis
1028 783 1098 864 quis

137 867 225 930 idem
252 868 302 946 sit,
329 865 449 930 tamin
477 865 631 948 prosperis
652 865 745 947 quim
768 866 801 930 in
823 866 974 930 adversis:
1004 865 1099 932 docet

139 951 280 1032 denique
308 949 464 1033 quomodo
492 949 658 1033 praesentia
683 949 817 1028 ordines,
839 959 872 1014 et
894 949 998 1016 lutura
1028 969 1098 1034 pro-

138 1034 257 1098 videas.

183 1118 352 1182 Prudentia
373 1127 461 1181 tanto
475 1116 598 1180 oaeteris
611 1115 773 1180 virtutibus
795 1116 966 1196 antecellit,
979 1125 1097 1202 quanto

138 1202 266 1268 caeteris
279 1202 420 1267 sensibus
434 1210 562 1285 praestat
574 1200 667 1264 visus.

187 1406 269 1472 Haeo
283 1407 426 1472 beneficii
446 1406 526 1470 inter
539 1405 618 1468 duos
632 1405 683 1468 lex
702 1416 770 1486 est;
791 1406 870 1473 alter
890 1407 995 1473 statim
1018 1409 1098 1473 obli-

140 1491 220 1554 visci
234 1491 329 1555 debet
343 1489 422 1568 dati‚'
433 1489 511 1554 alter
526 1489 650 1573 accepti
664 1510 833 1572 nunquam.

183 1575 337 1640 Generosi
351 1575 443 1638 animi
457 1584 491 1638 et
503 1573 663 1658 magnifici
677 1583 725 1638 est
743 1575 850 1660 juvere
875 1585 908 1640 et
932 1573 1097 1660 prodesse:

139 1659 195 1742 qui
209 1659 264 1724 dat
277 1660 433 1724 beneficia
446 1659 549 1724 Deum
563 1657 709 1722 unitatur.

183 1743 234 1808 Ab
248 1744 409 1829 Antigono
425 1743 561 1828 Cynicus
583 1742 709 1824 quidam
728 1741 819 1826 petiit
841 1741 1013 1808 talentum:
1034 1765 1096 1810 res-

139 1829 259 1910 pondit,
273 1827 349 1892 Plus
363 1829 517 1914 essequam
530 1826 654 1912 qoodC
690 1825 750 1889 iou
785 1837 856 1890 stare
869 1826 971 1905 doben·
993 1829 1096 1912 repul·

139 1932 192 1976 sus
219 1912 299 1994 petit
322 1912 503 1991 denarium;
523 1931 636 1994 respon
659 1911 704 1991 it;
765 1933 831 1974 tour
844 1933 901 1976 esse
914 1907 1002 1998 patim
1017 1913 1096 1999 quod

137 2017 237 2080 regem
251 1996 452 2060 decoratione.

184 2079 272 2143 Nihil
296 2081 385 2162 reque
410 2100 547 2144 amarum
561 2090 609 2144 est
623 2080 715 2161 quem
734 2079 788 2142 diu
810 2079 966 2164 pendere:
986 2079 1095 2146 melius

115 2219 118 2227 ,
137 2184 213 2246 spes
233 2163 412 2247 praeciditur
432 2167 524 2246 quim
553 2163 693 2228 trahitur.
747 2163 814 2234 Qui
843 2165 929 2228 tarde
961 2165 1094 2250 proficit,

139 2267 203 2312 non
217 2269 257 2314 ex
270 2249 375 2313 auimo
388 2248 474 2314 lacit.

180 2435 297 2500 Fabius
311 2436 412 2518 pictor
426 2435 535 2500 felices
549 2447 630 2502 artes
645 2435 761 2500 lixtures
782 2435 835 2516 ait,
849 2437 874 2500 si
889 2435 947 2501 soli
961 2435 1094 2502 artifices

138 2519 182 2581 de
197 2519 235 2580 iis
248 2519 435 2601 judicarent.

184 2602 232 2664 Ex
245 2601 374 2671 minimo
387 2601 520 2686 vestigio
534 2602 642 2667 artifex
656 2602 806 2668 artificem
819 2605 993 2690 cognoscit.

185 2686 289 2750 Nemo
303 2687 388 2750 recte
402 2685 443 2750 de
458 2685 590 2752 artificio
603 2697 706 2771 potest
717 2687 856 2771 judicare
870 2689 929 2752 nisi
943 2689 1063 2756 artifex.

184 2769 292 2839 Quam
305 2769 366 2834 soit
379 2771 511 2853 quisque
525 2783 671 2836 exerceat
685 2782 794 2836 artem.

181 2854 352 2923 Praxiteles
372 2875 487 2936 equam
509 2857 594 2919 tantis
618 2855 712 2920 animi
733 2857 906 2941 sagacitate
930 2857 1038 2941 pinxit,
1060 2869 1095 2922 ut

141 2959 238 3020 equus
252 2938 378 3020 quidam
393 2939 529 3002 hinnitus
539 2940 633 3004 edere
648 2951 777 3004 coactus
792 2941 900 3021 fuerit3
920 2961 1094 3022 canemque

141 3022 231 3106 cujus
245 3033 374 3104 aspectu
387 3023 475 3086 oanis
490 3023 597 3088 altera
610 3025 724 3089 latratu
739 3026 892 3090 abstinere
907 3047 970 3090 non
981 3024 1093 3108 potuit.

184 3226 238 3291 Ab
256 3226 323 3312 ejus
344 3228 490 3310 operibus
515 3161 679 3314 ineiiollnllrls
699 3233 802 3298 Deurn
822 3233 934 3296 nisse:
954 3247 1095 3311 quoeun-

140 3332 202 3393 que
218 3321 256 3390 te
278 3311 409 3390 flexeris,
432 3313 477 3378 ibi
506 3314 608 3380 Deum
628 3318 747 3384 videbis
776 3322 992 3382 occurrentem
1017 3313 1095 3378 tibi:

141 3394 218 3459 nihil
233 3395 275 3459 ab
289 3395 345 3460 illo
358 3409 459 3462 vacet.
797 3417 799 3425 ⁴
1056 3398 1060 3404 “

182 3481 283 3544 Totus
306 3482 439 3546 mundus
461 3482 521 3548 Dei
546 3483 725 3550 immortalis
743 3495 791 3546 est
804 3479 974 3562 templum:
996 3484 1093 3551 solinn

142 3563 267 3646 quidem
281 3565 485 3648 amplitudine
500 3589 538 3634 uc
552 3567 786 3653 magnificentiis
799 3566 939 3650 dignun.
