2492 4038
627 257 677 328 33

222 441 288 512 Qui
312 442 564 525 responderunt:
584 454 732 503 vocemus
753 435 899 521 puellam,
912 445 946 501 et
967 445 1131 521 perconte-
1239 447 1240 452 ’

178 546 247 588 mur
261 525 328 610 ejus
342 525 537 589 sententiam.

221 609 331 678 Quum
357 609 510 673 Rebecca
537 607 680 684 venisset,
702 603 851 670 sciscitati
873 615 953 682 suut,
975 624 1016 669 an
1036 603 1131 669 vellet

180 692 341 756 discedere
356 713 429 756 curn
442 691 591 756 bomine?
613 691 705 767 Volo,
719 689 821 771 inquit
834 689 898 752 illa.

220 776 410 840 Dimiserunt
430 797 506 860 ergo
527 775 709 840 Rebeccam
731 785 764 838 et
787 771 942 838 nutricem
956 772 1048 850 illius,
1062 793 1132 856 pro-

178 870 284 924 cautes
298 861 329 924 ei
344 860 448 925 omnia
461 879 618 944 prospera.

152 1053 156 1062 ’
222 1027 348 1092 Isaacus
362 1027 439 1092 forte
455 1038 530 1092 tunc
554 1025 774 1092 deambulabat
796 1045 885 1106 rure;
906 1024 983 1089 vidit
996 1023 1132 1088 carnalos

177 1111 347 1175 venientes.
392 1111 492 1176 Simul
513 1111 674 1188 Rebecca,
697 1110 881 1194 conspicata
908 1109 1006 1172 virum
1026 1108 1132 1172 deam-

177 1195 349 1272 bulantem,
362 1195 488 1260 desiluit
503 1216 521 1260 o
535 1195 668 1272 camelo,
682 1204 715 1258 et
728 1192 930 1278 interrogavit
950 1191 1132 1270 Eliezerem‚

179 1278 250 1359 quis
263 1289 312 1341 est
324 1279 377 1342 ille
391 1279 459 1342 vir?

223 1360 345 1424 Eliezer
365 1363 523 1446 respondit
538 1386 547 1425 ε
570 1363 636 1446 ipse
647 1371 695 1426 est
708 1360 800 1426 herus
812 1381 912 1426 meus.
955 1359 1016 1426 Illa
1028 1359 1133 1423 statim

182 1444 306 1528 operuit
319 1465 352 1508 ae
368 1445 474 1527 pallio.

219 1527 344 1592 Eliezer
356 1527 492 1592 narravit
505 1527 617 1592 isaaco
631 1527 735 1592 omnia
749 1549 818 1610 quae
835 1527 962 1592 lecerat.

219 1611 345 1676 Isaaous
368 1612 537 1676 introduxit
557 1613 739 1677 Rebeccam
759 1613 792 1676 in
815 1610 1050 1674 tabernaculum
1068 1631 1132 1676 ma-

176 1695 231 1758 tris
245 1717 320 1774 suae,
335 1705 368 1760 et
388 1695 501 1760 lenitus
523 1707 573 1760 est
585 1695 685 1774 dolor,
700 1717 792 1780 quern
806 1695 953 1778 capiebat
974 1715 1013 1760 ex
1033 1707 1132 1760 morte

178 1780 293 1843 matris.

219 1945 370 2014 Rebecca
384 1950 482 2015 edidit
502 1971 565 2014 uno
582 1872 679 2036 podir
693 1951 772 2014 duos
794 1949 883 2028 filios,
906 1947 1020 2012 Esaiirn
1033 1958 1067 2012 et
1079 1945 1132 2012 Ja-

177 2033 303 2095 cobum.
347 2033 415 2104 Qui
429 2036 512 2118 prior
526 2036 627 2100 editus
641 2045 698 2113 est,
712 2035 830 2119 pilosus
843 2046 911 2098 erat
925 2057 935 2114 ;
958 2034 1036 2097 alter
1050 2033 1131 2108 verb,

178 2113 278 2178 lenis:
299 2115 353 2181 ille
368 2118 426 2182 fuit
439 2130 566 2184 venator
580 2131 732 2198 strenuus,
746 2118 798 2183 hic
813 2129 918 2184 autem
936 2117 1079 2202 placidus
1100 2127 1132 2180 et

177 2199 309 2282 simplex
322 2203 470 2267 moribus.

221 2285 367 2355 Quadam
381 2287 443 2365 die,
459 2309 554 2371 quurn
568 2289 706 2353 lacobus
720 2287 779 2351 sibi
801 2287 970 2371 paravisset
991 2285 1132 2369 pulmen-

178 2378 243 2432 tum
270 2390 310 2432 ex
338 2371 484 2448 lentibus,
507 2374 592 2437 venit
613 2373 711 2438 Esai'rs
739 2371 837 2435 fessus
858 2371 898 2435 de
919 2371 979 2446 vib,
1003 2380 1036 2432 et
1056 2369 1133 2433 dixit

178 2451 284 2515 fratri:
305 2456 347 2517 da
366 2455 444 2516 rnihi
464 2455 525 2518 hoc
547 2456 762 2536 pulmentum3
782 2475 856 2518 narn
876 2455 972 2518 redeo
993 2473 1061 2517 nne
1079 2475 1132 2518 ex·

104 2545 108 2554 '
178 2536 333 2600 animatus
347 2537 537 2600 lassitudine.

220 2621 280 2684 Cui
295 2619 452 2684 Jacobus:
468 2621 560 2697 dabo,
570 2621 596 2684 si
610 2621 767 2685 concedas
777 2621 851 2686 mihi
862 2623 913 2708 jus
924 2621 1132 2708 primogeniti.

221 2703 348 2768 Faciam
371 2703 514 2782 libenter,
535 2705 638 2788 inquit
658 2706 766 2770 Esai'rs.
811 2705 886 2772 Jura
906 2729 991 2792 ergo,
1015 2707 1060 2770 ait
1081 2705 1134 2769 Ja·
1239 2707 1240 2714 ’

178 2788 286 2852 cobus.

220 2873 317 2940 Esai‘rs
328 2872 442 2957 juravit
456 2882 488 2936 et
502 2873 641 2938 vendidit
652 2873 702 2958 jus
717 2895 815 2939 suurn.

222 3042 358 3120 Isaaous,
373 3041 427 3123 qui
451 3041 667 3106 delectabatur
679 3042 854 3120 venatione,
868 3044 994 3110 amabat
1006 3043 1133 3118 Esaiim,

179 3125 320 3190 Jacobus
334 3127 406 3190 verb
420 3134 489 3189 erat
503 3125 603 3190 carior
616 3125 786 3190 Rebeccae.

222 3209 333 3278 Quum
348 3209 474 3272 lsaaous
493 3210 557 3292 jam
572 3210 731 3288 senuisset,
746 3221 779 3275 et
792 3211 893 3276 factus
914 3219 997 3274 esset
1018 3227 1133 3286 caecus,

179 3293 303 3358 vocavit
327 3293 461 3356 Esa‘dnr:
484 3293 607 3372 sumito,
631 3295 739 3378 inquit,
762 3297 947 3379 pharetram,
976 3313 1081 3356 arcum
1101 3304 1135 3357 et

178 3378 330 3460 sagittas3
352 3376 429 3440 effer
449 3376 524 3439 milri
546 3388 579 3441 et
601 3379 676 3461 para
689 3380 730 3442 de
744 3380 908 3442 venatione
931 3377 1133 3459 pulmentum,

179 3471 214 3524 ut
235 3462 399 3556 comedam
413 3470 446 3524 et
468 3480 620 3545 apprecer
640 3462 697 3525 tibi
720 3462 820 3524 fausta
842 3460 946 3526 omnia
967 3473 1134 3544 antequam

180 3565 300 3608 monas.

522 3747 547 3780 'a
