2492 4038
619 251 668 322 n
734 191 737 196 ,

118 495 123 498 .
210 431 344 496 Tantum
366 433 454 496 abest
475 442 510 495 ut
531 431 621 494 firrati
643 430 736 492 simus
758 427 907 511 scyphum
920 425 1037 490 domini
1052 437 1116 490 tur:

168 515 250 596 apud
265 537 357 596 quem
370 517 484 579 furtum
497 514 723 597 deprehensum
736 512 838 588 suerit,
854 513 880 574 is
903 521 1001 574 morte
1017 511 1116 574 mulc-

169 607 366 744 tet(liiintinuo
394 683 552 764 deponunt
586 702 697 743 saccos
728 690 761 743 et
793 679 943 760 aperiunt,
965 701 1041 760 quos
1062 677 1115 742 ille

169 775 321 827 scrutatus
336 766 452 830 invenit
466 765 637 848 scyphum
630 785 662 826 ιιι
676 783 771 825 sacco
785 761 969 844 Benjamini

623 891 674 949 67.

211 1012 302 1074 Tunc
324 1011 431 1075 fratres
458 1011 585 1094 Josephi
609 1032 738 1076 moerore
761 1011 899 1094 oppressi
928 1020 1119 1074 revertuntur

170 1093 202 1156 in
216 1095 334 1158 urbem.

214 1179 351 1242 Adducti
373 1181 413 1242 ad
440 1179 619 1262 Josephum‚
643 1201 709 1242 sese
740 1179 921 1262 abjecerunt
950 1177 990 1239 ad
1011 1177 1118 1273 'pedes

184 1261 264 1323 llius.
321 1263 445 1331 Quibus
467 1263 543 1325 ille.
577 1265 742 1343 quomodo,
763 1263 871 1343 inquit,
894 1261 1035 1344 potuistis
1057 1261 1117 1324 hoc

172 1345 276 1407 scelus
290 1346 473 1410 admittere?

215 1428 311 1490 Judas
326 1431 503 1525 respondit·
524 1429 639 1491 fateor:
660 1449 708 1491 res
730 1440 778 1492 est
798 1429 981 1508 manifesta3
1002 1428 1118 1492 nullam

171 1531 333 1606 possumus
354 1514 585 1575 excusationem
606 1513 724 1590 afferre,
745 1534 806 1575 nec
834 1509 983 1575 audemus
1011 1523 1117 1593 petere

151 1673 154 1678 Ι
170 1595 291 1657 veniam
305 1607 358 1658 aut
373 1617 517 1678 sperare.
538 1617 594 1658 nos
608 1617 714 1660 omnes
727 1598 841 1660 erimus
855 1596 932 1658 servi
947 1595 1001 1658 tui.

211 1679 427 1761 Nequaquam,
449 1680 494 1742 ait
521 1680 693 1776 Josepirus:
728 1681 784 1744 sed
814 1679 877 1756 ille,
910 1679 993 1761 apud
1025 1699 1117 1760 quem

169 1761 309 1824 inventus
337 1774 384 1826 est
406 1764 549 1846 scyphus,
579 1765 638 1827 erit
667 1765 743 1828 mihi
775 1785 898 1829 servus·
933 1784 987 1826 vos
1014 1773 1118 1826 autem

169 1845 251 1909 abite
267 1846 356 1910 liberi
371 1848 411 1910 ad
425 1858 545 1930 patrem
559 1859 703 1911 vestrum.
918 1875 922 1880 ·

621 1991 671 2050 68.

210 2107 302 2170 Tunc
321 2107 416 2172 Judas
431 2109 585 2170 accedens
600 2108 723 2212 propius
738 2109 777 2172 ad
792 2106 982 2212 Jpsephum.
1003 2116 1035 2169 te
1049 2127 1114 2184 oro,

166 2191 276 2272 inquit,
290 2193 422 2256 Domine
437 2193 488 2268 mi,
504 2202 538 2256 ut
552 2191 635 2254 bona
649 2213 721 2254 cum
735 2193 825 2255 venia
837 2212 889 2254 mo
904 2189 1020 2252 audias.

208 2275 300 2340 Pater
323 2277 413 2339 unice
428 2277 531 2372 diligit
544 2297 694 2357 puerum3
715 2276 844 2339 nolebat
857 2274 954 2371 primd
976 2295 1047 2338 eum
1068 2261 1115 2337 di·

165 2358 307 2438 mitterc3
328 2383 390 2422 non
412 2361 499 2442 potui
519 2361 552 2422 id
572 2360 614 2421 ab
636 2381 675 2422 eo
690 2360 864 2441 impetrare,
877 2359 936 2420 nisi
951 2368 1114 2440 postquam

166 2408 319 2523 spopondi
347 2465 419 2505 eum
432 2453 533 2505 tutum
547 2444 587 2505 ab
602 2463 685 2505 omm
676 2442 839 2536 'periculo
853 2441 928 2504 fore.

210 2524 244 2586 Si
273 2525 450 2588 redierimus
472 2526 511 2588 ad
543 2536 662 2608 patrem
684 2525 748 2588 sinc
780 2546 885 2608 puero,
909 2525 962 2589 ille
983 2547 1113 2591 moerore

166 2607 328 2670 confectus
341 2609 497 2672 morietur.

206 2691 254 2754 Te
269 2713 324 2754 oro
338 2703 431 2774 atque
453 2694 583 2756 obsecro
597 2703 632 2756 ut
646 2693 728 2756 sinas
748 2713 877 2776 puerum
892 2693 987 2770 abire,
1000 2715 1112 2776 meque

88 2789 90 2796 ’
164 2795 218 2856 pro
232 2797 270 2838 eo
285 2777 433 2838 addicas
426 2799 458 2838 m
472 2778 667 2840 servitutem:
689 2799 750 2862 ego
771 2775 981 2859 poenamque
1000 2779 1112 2860 dignus

162 2868 218 2935 est,
232 2859 307 2922 mihi
322 2881 410 2923 sumo
424 2871 457 2924 et
470 2861 635 2924 exsolvam

541 2984 760 3044 ψ69.“

205 3100 328 3195 Interea
349 3100 501 3196 Josephus
519 3101 680 3164 continere
701 3123 735 3164 se
757 3101 808 3164 vix
837 3111 983 3186 poterat.
1017 3119 1110 3180 quare

159 3183 250 3267 jussit
264 3184 388 3266 AEgypt'
382 3205 426 3246 ros
441 3185 597 3246 adstantes
611 3187 768 3248 recedere.
871 3239 874 3244 .

204 3268 287 3328 Tum
314 3267 391 3329 flens
411 3269 487 3332 dixit
507 3289 621 3350 magna
648 3291 744 3332 voce:
766 3289 828 3352 ego
850 3289 917 3330 sum
944 3265 1111 3350 Josephus3

162 3350 274 3414 vivitne
289 3350 390 3412 adhuc
406 3362 492 3432 pater
505 3353 614 3415 meus?

203 3435 276 3496 Non
298 3444 441 3528 poterant
464 3436 649 3518 respondere
671 3436 778 3498 fratres
799 3433 867 3517 ejus
887 3433 981 3499 nimio
1003 3435 1110 3499 timore

163 3517 342 3597 perturbati.
