2472 4038
606 240 655 312 79

192 419 268 566 bion
281 419 396 485 viribus
410 430 464 487 aut
476 419 643 487 velocitate
658 441 821 506 corporum
843 442 891 488 res
908 443 1031 507 magnos
1045 416 1102 508 ge'·

151 523 268 566 runur.
745 527 753 534 ·

61 639 82 656 ,
193 587 310 670 Magna
323 609 393 670 pars
407 587 565 652 hominum
586 597 643 666 est,
658 608 729 671 quae
750 609 814 654 non
835 589 974 672 peccatis
995 589 1101 656 irasci·
1194 641 1196 648 .

150 679 209 748 tur,
223 672 278 734 sed
292 673 505 755 peccantibus.

193 837 266 901 Non
280 838 470 902 convalescit
483 837 589 920 planta
603 761 673 920 (Aba
688 859 773 922 saepo
788 837 981 902 transfertur.

193 922 251 985 Ille
266 923 375 986 beatus
389 933 437 986 est
451 922 505 1005 qui
519 922 688 986 crastinum
701 924 784 988 diem
807 921 874 986 sinc
894 921 1102 988 solicitatione

148 1016 360 1152 exidcbbbum
373 1085 450 1171 pita
463 1089 714 1170 quodvetustate
730 1089 764 1152 fit
777 1089 899 1156 melius.

192 1172 289 1236 Pauci
304 1174 395 1254 quim
409 1174 490 1236 bene
505 1173 620 1249 vivunt,
635 1175 690 1236 sed
706 1173 862 1254 quamdiu,
876 1183 996 1236 curant.

191 1243 328 1338 Respice
343 1257 375 1318 in
389 1256 492 1319 alieno
506 1257 601 1319 exitio
615 1258 689 1338 quid
704 1276 863 1338 pavescas.

145 1381 149 1387 -
193 1340 285 1402 Evita
299 1339 418 1402 foveam
431 1340 463 1402 in
477 1360 570 1420 quam
584 1339 678 1404 alium
692 1340 844 1403 cecidisse
855 1339 952 1404 vides.

171 1504 174 1506 -
192 1423 373 1504 Discipulos
388 1433 436 1486 est
449 1423 557 1506 prioris
571 1425 721 1505 posterior
734 1424 811 1487 dies.

190 1506 354 1602 Optimum
375 1516 423 1570 est
442 1507 592 1592 majormn
615 1507 703 1592 sequi
717 1507 858 1592 vestigia,
876 1505 902 1570 si
925 1507 1010 1576 recte
1024 1529 1103 1593 prae-

149 1602 309 1656 cesserint.

192 1759 278 1824 uuni
292 1759 469 1824 moranni
482 1681 643 1824 tiranii
654 1769 702 1824 est
716 1777 839 1826 aranea
854 1769 984 1826 extum.

120 1865 124 1874 ’
191 1844 299 1908 Stellae
313 1845 364 1908 die
379 1845 478 1908 latent
491 1853 524 1907 et
537 1844 610 1907 solis
625 1844 746 1928 firlgore
761 1843 993 1910 obumbrantur.

191 1927 280 1991 Atlas
294 1928 409 1992 coelum
423 1927 486 1990 suis
499 1928 634 1992 humeris
647 1939 770 2011 gestare
785 1927 909 1990 dicitur.

17 1991 45 2090 ,Ι
108 2083 110 2088 .
193 2009 367 2075 Autumnus
381 2011 554 2094 speciosam
567 2013 748 2075 varietatem
762 2012 803 2074 ob
816 2009 926 2074 oculos
939 2009 1086 2096 disponit.

169 2111 171 2114 ⁴
193 2095 333 2158 Arcades
348 2115 396 2158 res
409 2094 528 2158 divinas
542 2095 631 2178 primi
645 2095 704 2158 diis
718 2094 869 2158 fecerint.

192 2179 365 2261 Euphrates
386 2199 426 2242 ex
447 2178 594 2244 Armenii
623 2179 656 2244 in
687 2177 797 2242 Sinum
826 2176 985 2246 Persicum
1015 2177 1101 2242 celer

39 2248 40 2252 ¹
149 2263 297 2327 decurrit.

192 2347 299 2410 Morus
322 2347 486 2412 novissime
501 2347 663 2430 germinat,
681 2357 715 2411 et
735 2365 809 2410 curn
832 2344 938 2427 primis
959 2343 1034 2410 folia
1054 2344 1101 2407 di·

148 2429 255 2494 mittit.

193 2594 324 2660 Ossibus
345 2595 443 2660 leonis
467 2603 553 2659 tanta
574 2604 621 2660 est
641 2594 755 2666 duritia
785 2602 820 2656 ut
850 2593 931 2678 ignis
958 2592 1099 2674 elidatur,

149 2679 441 2760 tanquamasilice.
792 2695 794 2700 ·

192 2763 280 2839 Vitis,
304 2774 339 2826 ut
362 2783 395 2826 se
423 2763 534 2846 erigat,
558 2761 719 2827 claviculis
740 2762 814 2840 suis,
836 2763 985 2846 quicquid
1005 2771 1100 2828 nacte

148 2855 206 2921 est,
221 2846 448 2929 complectitur.

190 2928 295 2992 Pisces
310 2931 430 2992 audibis
443 2948 504 2994 nec
518 2931 660 2994 membra
673 2929 790 2992 habent
804 2949 864 2993 nec
879 2930 1039 2994 foramina.

191 3014 280 3075 Zeno
292 3013 430 3076 inventor
444 3023 477 3076 et
490 3014 643 3107 princeps·
651 3011 825 3076 Stoicorum
840 3013 907 3077 firit.

190 3090 314 3158 Mulum
328 3096 488 3180 octoginta
502 3115 599 3160 armos
616 3095 737 3172 vixisse,
751 3096 988 3162 Atheniensium
1010 3111 1099 3156 mon-

147 3177 283 3243 umentis
298 3189 436 3261 apparet.

190 3262 262 3326 Mos
276 3274 344 3326 erat
365 3262 507 3344 antiquis,
528 3261 626 3326 niveis
648 3263 782 3346 atrisque
805 3260 930 3348 lapillis,
944 3258 992 3324 his
1013 3257 1099 3329 dum·

72 3415 75 3420 ,
147 3366 221 3411 nare
235 3367 315 3424 reos,
329 3347 391 3412 illis
405 3344 565 3411 absolvere
579 3346 683 3492 culpi.
757 3443 761 3447 ⁵

190 3513 300 3599 Ignem
313 3513 386 3580 elici
400 3513 538 3578 videmus
551 3477 690 3602 lapidum
705 3512 863 3578 conflictu.
