2492 4038
609 225 658 294 48

164 413 236 480 tam,
250 404 372 468 seilicet
393 414 428 466 ut
450 424 489 467 ne
510 423 561 466 me
576 403 709 486 sepelias
723 403 755 466 in
770 401 916 486 AEgypto‚
931 405 987 466 sed
1001 424 1113 486 corpus

163 507 266 582 meum
280 488 444 550 transferas
459 509 498 550 ex
513 487 572 550 hac
587 487 725 570 regione,
739 497 772 550 et
785 487 902 548 condas
917 487 949 550 in
969 488 1113 569 sepulcro

162 589 313 652 majorum
326 591 475 633 meorum.

205 653 357 736 Josephus
372 665 476 717 autem
492 677 500 715 ε
522 654 644 728 faciam
659 653 768 733 inquit,
783 653 867 734 quod
879 653 979 736 jubes,
994 664 1091 735 pater.

205 736 280 800 Juru
304 759 380 820 ergo
401 737 485 814 mihi,
510 738 554 800 ait
577 736 723 813 Jacobus,
748 746 780 800 te
801 737 886 798 certo
909 737 940 798 id
963 737 1114 800 facturum

167 841 246 884 esse.

206 903 358 986 Josephus
368 904 482 988 juravit
495 903 527 966 in
541 903 636 968 verba
650 904 755 986 patria.

613 1027 665 1082 77.

206 1140 359 1224 Iosephus
388 1141 515 1204 adduxit
537 1141 578 1203 ad
602 1152 721 1224 patrem
742 1140 820 1203 duos
843 1141 921 1204 filios
942 1163 1023 1219 suos,
1045 1145 1114 1208 Ma·
1137 1151 1141 1155 ’

163 1245 286 1288 nassem
321 1236 354 1288 et
376 1225 593 1307 Ephraimum:
625 1225 727 1307 posuit
750 1225 936 1302 Manassem,
958 1226 1011 1306 qui
1039 1240 1114 1292 natu

163 1309 261 1390 major
274 1319 349 1386 erat,
373 1310 413 1371 ad
436 1308 575 1371 dextram
593 1307 684 1386 senis,
699 1308 899 1391 Ephraimum
922 1310 994 1371 vero
1016 1311 1114 1374 mino·

164 1412 229 1454 rem
244 1393 284 1454 ad
299 1393 451 1454 sinistram
466 1391 542 1474 ejus.

207 1475 251 1538 At
280 1475 426 1552 tacebas,
457 1476 625 1538 decussans
652 1496 771 1552 manus,
799 1476 938 1540 dextram
969 1476 1115 1559 imposuit

165 1557 341 1640 Ephraimo‚
363 1559 515 1624 sinistram
538 1569 642 1622 autem
666 1559 814 1636 Manassi,
828 1569 861 1622 et
883 1560 1002 1641 utrique
1024 1561 1114 1623 simul

164 1641 246 1714 bene
261 1654 404 1725 precatus
419 1653 475 1706 est.

206 1726 303 1794 Quod
322 1726 474 1809 Josephus
500 1725 745 1788 animadvertens
766 1746 851 1809 aegre
871 1726 951 1804 tulit,
973 1738 1007 1790 et
1019 1748 1114 1790 eona-

165 1819 213 1871 tus
227 1819 275 1872 est
288 1830 396 1872 manus
411 1810 506 1892 patris
520 1820 720 1872 commutare.

207 1892 250 1956 At
271 1903 359 1974 pater
380 1893 501 1968 restitit,
530 1892 667 1974 dixitque
697 1892 854 1976 Iosepho:
889 1895 964 1972 seio,
993 1895 1113 1970 filimi,

164 1976 230 2038 scio
251 1977 334 2040 hunc
356 1997 424 2040 esse
448 1977 597 2060 majorem
617 1987 703 2053 natu,
724 1988 757 2041 et
778 1977 865 2042 illum
885 1979 1055 2042 minorem:
1080 1979 1114 2042 id
1143 2028 1150 2039 .

164 2061 300 2142 prudens
315 2061 385 2124 feci.

207 2144 256 2208 Ita
268 2144 406 2208 Jacobus
420 2143 620 2227 Ephraimum
634 2145 771 2208 Manassi
786 2146 971 2228 anteposuit.
1087 2165 1091 2172 ·

593 2285 643 2341 78.

208 2403 251 2468 Ut
265 2401 341 2465 vidit
365 2383 701 2482 Iosephus'extinctum
722 2409 850 2480 patrem,
864 2400 925 2462 ruit
938 2417 1029 2482 super
1043 2419 1115 2462 eum
1171 2443 1180 2449 -
1214 2411 1216 2416 ’

167 2487 263 2550 flens:
284 2497 317 2550 et
330 2484 488 2548 osculatus
498 2493 546 2546 est
559 2502 640 2560 enm,
655 2483 792 2563 luxitque
807 2482 893 2544 illum
907 2483 971 2544 diu.
1199 2494 1208 2513 ·

208 2571 330 2632 Deinde
352 2568 503 2650 praecepit
534 2566 663 2628 medicis
687 2576 722 2628 ut
749 2566 912 2630 condirent
939 2587 1061 2648 eorpus,
1083 2576 1117 2628 et

167 2652 232 2732 ipse
254 2672 326 2712 cum
348 2651 491 2712 fratribus
512 2649 677 2728 multisque
695 2649 850 2731 AEgyptiis
872 2660 992 2731 patrem
1005 2651 1117 2731 depor-
1182 2719 1185 2726 .

167 2734 242 2796 tavit
256 2734 287 2794 in
302 2733 461 2815 regionem
474 2732 635 2794 Chanaan.
1222 2777 1225 2784 .

209 2817 258 2879 Ibi
273 2815 362 2878 funus
377 2816 518 2877 fecerunt
539 2835 612 2876 eum
635 2834 748 2897 magno
771 2815 910 2898 planetu,
931 2826 964 2879 et
985 2815 1118 2897 repelie·
1231 2819 1232 2834 ¹

167 2909 238 2964 runt
260 2919 372 2980 eorpus
394 2898 425 2959 in
448 2897 606 2978 spelunca,
626 2898 678 2959 ubi
700 2899 849 2981 jacebant
871 2899 1064 2964 Abrahamus
1084 2909 1118 2961 et

168 2986 303 3060 lenaeus,
318 2981 491 3062 reversique
505 2991 578 3044 suut
592 2981 624 3044 in
639 2981 819 3066 AEgyptum.

617 3124 668 3182 79.

210 3243 363 3325 Josephus
390 3241 465 3304 vixit
488 3261 588 3328 annos
615 3253 741 3308 eentum
762 3255 795 3307 et
815 3245 937 3322 decem,
959 3235 1118 3328 quumque

168 3337 250 3388 esset
263 3327 353 3389 morti
369 3325 531 3410 proximus,
546 3327 729 3389 convocavit
753 3327 861 3392 fratres
885 3349 966 3406 suos,
990 3341 1024 3392 et
1047 3330 1120 3394 illos
1192 3387 1198 3394 .

169 3409 328 3472 admonuit
342 3431 374 3473 se
389 3407 471 3472 brevi
485 3408 664 3472 moriturum
678 3431 756 3473 esse.
1081 3421 1084 3430 “

212 3491 290 3573 Ego,
305 3493 412 3575 inquit,
429 3493 494 3576 jam
516 3493 629 3556 morior
645 3515 652 3554 :
673 3493 758 3558 Deus
772 3516 825 3559 vos
840 3515 902 3561 non
916 3497 1119 3572 deseretpsed
1225 3545 1229 3582 4
