2492 4038
585 299 634 372 28

64 476 71 490 '
183 479 316 548 Queres
346 497 385 542 ex
416 478 455 542 ed
483 477 693 542 victumcum
713 478 812 543 multo
842 477 958 557 labore,
985 479 1087 544 donec

140 562 234 626 abeas
248 562 280 624 in
295 572 407 626 terrem
420 582 438 624 e
453 562 515 642 qud
528 572 612 624 ortus
626 583 669 625 es.

183 646 266 708 Tum
280 645 374 728 ejecit
388 646 542 708 Ademum
555 655 588 708 et
607 647 708 709 Evam
721 667 760 710 ex
774 645 863 710 horto
876 654 911 707 ut
925 641 978 708 ille
1002 645 1087 708 cole·

32 769 35 775 ·
139 743 186 791 ret
199 739 321 804 terrem,
335 739 368 791 et
381 729 548 791 collocavit
562 729 717 812 angelum,
729 727 782 810 qui
793 727 979 810 praeferebat
992 749 1087 792 manu

139 811 276 894 gladium
290 807 416 896 ignerun
430 821 465 874 ut
478 813 649 910 custodiret
663 812 781 876 editum
796 810 937 893 paradisi.

600 984 716 1042 8..

181 1090 318 1154 Adamus
332 1091 441 1154 hebuit
461 1091 575 1156 multos
599 1091 723 1169 liberos,
737 1092 817 1155 inter
830 1113 907 1174 quos
926 1092 1041 1156 Ca'inus
1055 1102 1088 1156 et
1203 1138 1218 1162 ,·
1239 1135 1240 1148 κ

139 1173 220 1237 Abel
235 1186 453 1238 numerantur:
474 1176 525 1239 bic
542 1176 599 1239 lirit
612 1186 737 1258 past0r3
758 1174 811 1238 illc
826 1175 975 1258 agricola.

175 1258 319 1338 Uterque
350 1258 464 1322 obtulit
498 1260 581 1322 dona
618 1259 776 1323 Domino:
811 1260 926 1325 Caluus
962 1255 1101 1342 quiden

139 1340 255 1404 fructus
269 1352 382 1420 terrae;
401 1341 483 1406 Abel
497 1353 601 1406 autem
615 1361 688 1406 oves
702 1342 854 1426 egregius.
918 1341 923 1350 '
954 1373 962 1386 s

180 1423 272 1486 Dona
300 1425 409 1487 Abelis
446 1425 629 1514 placuerunt
664 1425 743 1503 Deo,
770 1447 835 1490 non
865 1435 971 1490 eutem
1004 1425 1088 1489 dona

138 1507 248 1586 Caini3
270 1508 353 1588 quod
367 1508 483 1577 Cainus
497 1511 579 1594 aegrb
596 1509 675 1574 tulit.

180 1590 330 1654 Dominus
350 1591 428 1654 dixit
448 1593 571 1657 Caino:
593 1615 649 1656 cur
669 1593 788 1657 invides
818 1592 926 1656 fratri?
954 1591 980 1654 ri
1002 1592 1086 1654 recte

138 1672 244 1750 facies,
258 1674 390 1756 recipies
402 1677 604 1756 mercedem3
625 1677 673 1740 sin
694 1687 799 1740 autem
819 1677 911 1753 msl'e,
935 1673 1003 1738 lues
1022 1695 1088 1758 poe·
1207 1665 1217 1674 ”
1237 1672 1239 1684 ’

137 1775 210 1820 nem
223 1757 358 1840 peceati.

592 1898 622 1956 9.

178 2015 293 2078 Cainus
306 2036 369 2080 non
384 2014 486 2099 paruit
508 2014 578 2080 Deo
601 2025 764 2080 monenti:
785 2013 1086 2091 dissimulantium,
1186 2086 1189 2095 ¹

135 2097 213 2162 dixit
227 2099 310 2162 fratri
324 2117 400 2164 suo:
422 2120 491 2185 ege,
506 2119 612 2164 carnus
625 2098 866 2164 deambulatum.

179 2181 289 2263 Itaque
304 2184 366 2246 und
379 2183 472 2246 umbo
496 2183 639 2246 abierunt
660 2182 750 2261 fores,
764 2193 798 2247 ct
818 2202 913 2264 quum
930 2191 1034 2246 essent
1054 2180 1086 2245 in

137 2285 213 2350 agro
227 2267 341 2330 Cuinus
355 2267 442 2330 irruit
455 2267 488 2330 in
503 2266 645 2344 Abelem‚
659 2277 692 2330 et
705 2266 862 2330 interfecit
875 2265 973 2328 illmn.

179 2351 265 2414 Deus
279 2351 357 2414 dixit
374 2351 498 2414 Caino:
519 2351 573 2414 ubi
595 2361 643 2414 est
664 2360 733 2414 tuus
753 2349 867 2413 frater?
889 2349 1003 2412 Ceinus
1025 2369 1087 2413 res-
1199 2352 1214 2374 ”

137 2433 267 2518 pendit:
288 2434 416 2514 nesci03
437 2455 512 2500 num
525 2455 587 2519 ego
601 2455 668 2498 sum
683 2445 787 2498 custos
802 2433 902 2498 fratris
915 2432 1001 2498 mei?

591 2598 640 2656 10.

80 2747 83 2755 ·
180 2703 265 2768 Deus
292 2703 369 2767 dixit
395 2703 515 2768 Caino:
552 2706 660 2781 Ceine,
686 2706 761 2786 quid
792 2705 921 2769 fecisti?
952 2703 1087 2788 Sanguis

138 2786 237 2851 fratris
252 2787 306 2864 tui,
321 2785 414 2868 quem
428 2788 493 2869 ipse
509 2787 613 2849 fudisti
627 2807 721 2850 manu
735 2787 797 2864 tub,
811 2788 927 2852 clamet
940 2789 980 2850 ed
993 2809 1055 2850 me.

179 2870 296 2933 Infesta
309 2871 366 2937 tibi
381 2871 439 2936 erit
453 2882 544 2947 terra,
559 2891 629 2952 quae
650 2870 731 2934 bibit
752 2872 936 2953 sanguinem
951 2871 1087 2950 Abelis:

138 2975 232 3034 quum
246 2953 378 3026 colueris
391 2975 461 3017 eam
475 2955 570 3036 longo
595 2963 628 3017 et
650 2953 728 3017 duro
750 2953 866 3032 labore,
887 2956 989 3020 nullos
1009 2954 1088 3020 feret

123 3037 274 3100 ¹fruetus:
296 3037 356 3100 eris
370 3058 466 3122 vagus
480 3037 512 3100 in
527 3037 602 3100 orbe
617 3047 775 3102 terrarum.
857 3089 861 3094 .
894 3113 903 3126 ⁵
968 3039 978 3047 “
1006 3063 1013 3082 ·

179 3122 304 3198 Caluus,
318 3121 486 3206 desperans
499 3120 633 3204 veniam
645 3121 733 3206 fugit.

585 3295 633 3352 ll.

180 3405 346 3488 Postquam
367 3425 511 3471 numerus
532 3407 691 3472 hominum
710 3407 816 3484 erevit,
830 3405 933 3472 omnia
945 3406 1020 3470 vitia
1039 3407 1086 3473 in-

73 3531 78 3540 ·
137 3489 272 3552 valuere.
325 3491 433 3560 Quare
455 3491 591 3558 offensus
612 3491 699 3556 Deus
725 3491 831 3557 statuit
851 3491 980 3575 perdere
1001 3489 1087 3554 hom·

139 3573 224 3636 inum
237 3591 336 3657 genus
350 3574 476 3640 diluvio.
689 3589 691 3594 '
