2492 4038
577 337 625 406 3.

134 513 504 588 ·Omniasertaetas.
598 497 650 568 'f‘

100 661 105 674 ·
168 612 260 685 Milo
279 613 447 685 Clodium
465 613 612 686 occidit

170 709 380 783 Laudamus
397 711 552 798 divitiae,
571 709 753 822 sequimur
769 709 945 784 inertiam

170 807 353 881 Ulteriora
369 809 553 896 mirantur,
571 809 763 904 prasentia
778 821 985 904 sequuntur.

1229 231 1240 340 '⁴³

1218 721 1242 880 l

168 905 364 979 Materiam
380 909 574 1002 superabat
589 929 693 1002 opus
873 941 878 952 ·
1224 875 1242 1024 J

59 1045 62 1057 ·
169 1003 413 1076 Alexandrum
430 1027 601 1100 magnum
617 1003 749 1082 docuit
759 1002 980 1077 Aristoteles.

170 1198 312 1272 Eadem
328 1211 461 1296 peceat
476 1212 643 1296 peccata.

170 1288 309 1370 Duram
326 1299 434 1372 servit
450 1300 669 1372 servitutem
1242 1309 1243 1344 ³

171 1393 381 1468 Humanum
398 1397 611 1492 sanguinem
628 1395 762 1468 sitiunt.
1242 1403 1244 1538 J

171 1493 351 1566 Carmina
362 1494 462 1585 nulla
475 1519 619 1568 canam.
798 1563 800 1568 .
898 1502 903 1510 '
1215 1515 1217 1518 ·
1233 1519 1244 1572 ει

170 1590 307 1678 Omnes
325 1592 447 1666 volunt
463 1595 608 1666 beatam
625 1591 735 1666 vitam
750 1591 881 1666 vivere.
1232 1597 1244 1625 '·

552 1843 631 1854 --

123 1982 224 2057 Verus
238 1973 369 2082 leving
384 1983 438 2058 rte
455 2008 547 2058 some
567 1963 657 2058 Coss
674 1984 763 2084 aflet
779 2009 819 2060 os
835 1983 946 2083 before
963 1982 1051 2057 rtem

366 2197 455 2260 nunu,
466 2196 498 2246 n.
513 2196 656 2260 s-smta
670 2197 683 2261 ι
698 2197 720 2248 1.
736 2197 760 2247 n
779 2197 816 2246 10.

168 2375 303 2450 lnertia
319 2389 374 2452 est
391 2377 515 2451 vitium

169 2475 232 2548 Sol
250 2488 305 2549 est
320 2476 379 2550 lux
395 2475 531 2549 mundi.

109 2593 111 2601 ’
168 2573 345 2646 Senectus
363 2573 443 2670 ipsa
460 2584 516 2646 est
533 2573 690 2646 morbus.

167 2767 287 2842 Virtus
304 2779 360 2840 est
375 2791 443 2840 sua
459 2791 611 2840 merces.

169 2866 249 2938 Scit
265 2889 331 2938 nos
347 2889 426 2940 esse
444 2867 571 2937 bonos.

166 2963 341 3060 Magnum
358 2962 514 3058 vectigal
532 2974 587 3037 est
603 2961 833 3060 parsimonia.

167 3158 356 3233 Plumbum
374 3182 500 3232 aurum
517 3158 639 3234 fiebat.

167 3255 386 3355 Prosperum
403 3257 520 3330 scelus
537 3257 648 3330 virtus
665 3268 827 3330 vocatur

166 3351 293 3427 Tullus
311 3345 487 3428 Hostilius
504 3377 567 3428 rex
584 3366 729 3428 oreatus
745 3368 812 3462 est.

770 3501 798 3556 tl
