2492 4038
590 250 639 320 50

25 431 29 441 “
137 430 209 493 hliae
234 429 413 508 Pharaonis,
445 452 515 514 quae
544 431 632 494 illum
663 428 831 510 adoptavit,
859 437 893 492 et
919 427 1092 493 nominavit

135 514 268 592 Mosam,
283 515 386 592 idest,
402 525 557 580 servatum
571 515 611 578 ab
626 515 722 596 aquis.

592 640 643 698 83.

176 759 282 824 Moses
314 761 379 846 jam
407 781 509 836 senex,
535 759 664 842 jubente
686 758 765 832 Deo,
788 756 865 828 adiit
886 755 1089 834 Pharaonem,

134 845 226 926 eique
242 846 401 927 praecepit,
416 845 540 907 nomine
556 843 625 920 Dei,
641 853 676 904 ut
689 841 858 904 dimitteret
871 841 1035 904 Hebraeos
1126 890 1131 895 .

177 929 246 991 Rex
260 929 371 1024 inimus
386 929 486 991 renuit
501 948 607 1010 parere
621 926 774 989 mandatis
788 925 858 987 Dei.

178 1013 293 1088 Moses,
316 1024 350 1075 ut
374 1012 542 1076 Pharaonis
557 1009 759 1093 pertinaciam
773 1009 921 1085 vinceret,
935 1008 1034 1072 multa
1055 1019 1090 1072 et

135 1097 288 1177 stupenda
302 1098 400 1159 edidit
414 1097 565 1178 prodigia,
580 1117 650 1176 quae
666 1104 815 1156 vocantur
829 1093 931 1176 plagae
947 1091 1088 1176 AEgypti.

178 1179 286 1248 Quum
308 1181 505 1243 nihilominus
526 1181 646 1242 Pharao
679 1178 711 1240 in
741 1179 892 1240 sententia
926 1187 1088 1259 perstaret,

134 1263 220 1327 Deus
243 1265 397 1328 interfecit
430 1263 670 1347 primogenitum
702 1262 768 1346 ejus
799 1263 896 1325 filiurn
920 1272 953 1324 et
980 1282 1088 1324 omnes
1198 1321 1204 1326 .

135 1349 356 1431 primogenitos
371 1348 595 1444 AEgyptiorum.
726 1433 732 1446 ·
837 1435 843 1444 Ι
1062 1430 1068 1442 Ι

135 1433 319 1584 (11θῖἔίῑέἓὲῐῖ
332 1444 552 1581 slanggptatvglclpus
576 1455 628 1497 rex
647 1444 758 1517 paruit,
773 1435 920 1517 dedrtque
943 1431 1090 1496 Hebraers

590 1649 641 1706 84.

178 1739 313 1804 Profecti
336 1751 407 1804 sunt
420 1741 549 1805 Hebraei
571 1763 609 1804 ex
631 1741 768 1824 AEgypto
789 1744 829 1804 ad
851 1751 997 1804 sexcenta
1018 1740 1074 1804 mil
1101 1739 1102 1742 ’

136 1823 179 1886 lia
190 1824 332 1901 virorum,
347 1835 460 1906 praeter
475 1825 627 1907 parvulos,
641 1837 674 1888 et
687 1828 895 1907 promiscuum
909 1825 1030 1908 vulgus.

131 1973 134 1980 ,
177 1908 242 1971 Illis
257 1909 488 1991 egredientibus
502 1911 635 1991 praeibat
658 1910 803 1974 columna
827 1911 919 1974 nubis
943 1909 1087 1986 interdiu,

135 2001 169 2056 et
182 1992 328 2056 coluuma
352 1992 433 2076 ignis
457 2004 562 2072 noctu,
589 2015 658 2076 quae
677 2004 759 2057 esset
772 1997 834 2058 dux
849 1995 929 2074 viae3
951 2014 1011 2057 nec
1033 2015 1089 2056 un·

136 2097 230 2159 quarn
244 2098 299 2158 per
313 2077 517 2161 quadraginta
531 2100 628 2142 annos
643 2078 743 2142 defuit
757 2079 811 2142 illa
824 2079 979 2146 columna.

178 2161 252 2224 Post
266 2181 383 2242 paucos
405 2163 472 2224 dies
493 2163 659 2226 multitudo
673 2163 879 2227 Hebraeorum
894 2161 1089 2246 pervenitad
1157 2212 1159 2216 .

136 2245 208 2310 litus
222 2245 314 2308 maris
328 2245 438 2324 Rubri,
452 2247 558 2329 ibique
572 2258 675 2310 castra
689 2247 801 2330 posuit.

585 2377 636 2435 85.

179 2475 268 2538 area
291 2496 399 2559 regem
420 2459 569 2560 penaun-
585 2477 668 2559 quar
682 2487 728 2541 tor
744 2476 843 2540 mana
863 2475 1021 2540 ramnum
1042 2475 1089 2538 ai-

136 2559 279 2636 misisset,
301 2571 343 2636 et,
364 2561 500 2625 collecto
522 2562 642 2646 ingenti
663 2561 810 2638 exercitu,
833 2583 887 2624 eos
909 2572 1088 2643 persecutus

138 2657 319 2805 eStPIebraei,
334 2747 428 2810 quum
442 2727 591 2790 vidissent
604 2748 643 2790 ex
656 2727 718 2792 unh
731 2739 818 2812 parte
841 2751 874 2792 se
898 2727 975 2790 mari
996 2729 1090 2791 inter-

138 2812 242 2876 clusos
270 2833 348 2888 esse,
376 2831 415 2874 ex
443 2811 540 2874 altera
560 2822 647 2893 parte
669 2812 782 2875 instare
803 2813 996 2876 Pharaonem
1017 2833 1089 2876 cum

21 2953 23 2965 ,
139 2898 283 2960 omnibus
298 2897 407 2978 copiiS,
422 2916 537 2978 magno
551 2895 660 2958 timore
675 2897 809 2978 correpti
824 2907 904 2960 sunt.
1225 2959 1226 2962 ,

181 2982 273 3045 Tunc
297 2981 383 3044 Deus
407 2979 511 3044 Mosi:
532 2981 692 3063 protende,
714 2980 823 3062 inquit,
845 2982 984 3045 denham
1005 2992 1090 3045 tuam
1114 3055 1116 3060 ¹
1225 3025 1226 3044 r

139 3065 172 3130 in
186 3087 281 3144 mare,
295 3075 328 3128 et
347 3063 450 3128 divide
469 3085 575 3146 aquas,
589 3075 624 3128 ut
637 3065 699 3130 illae
714 3065 859 3130 Hebraeis
876 3066 1090 3150 gradientibus
1170 3073 1175 3084 '

139 3149 198 3214 iter
213 3150 333 3214 siccum
346 3148 516 3230 prebeant.

594 3275 644 3334 86.
752 3263 754 3269 ¹

182 3373 272 3438 Fecit
302 3375 408 3440 Moses
439 3374 523 3457 quod
547 3375 681 3459 jusserat
710 3376 817 3440 Deusz
847 3397 941 3459 quum
968 3383 1092 3439 teneret

139 3479 265 3522 manum
294 3470 453 3524 extensam
479 3480 571 3542 super
598 3480 695 3543 mare,
716 3482 807 3543 aquae
828 3462 933 3526 divisae
958 3469 1038 3550 sunt,
1059 3467 1092 3530 et.

140 3543 382 3608 intumescentes
395 3544 468 3608 hinc
483 3544 602 3607 atinde
617 3544 805 3628 pendebant.
