2472 4038
590 253 637 328 97

185 434 303 519 Magna
323 445 372 499 est
392 436 545 519 sapientia
575 435 791 520 tempestivum
820 433 987 513 silentium,
1009 437 1094 502 omni

143 521 225 582 certe
240 540 381 584 sermone
395 519 600 603 prestantius.

182 603 395 667 Tacitumitas
409 604 503 666 stulto
517 603 633 668 homini
657 624 715 686 pro
739 603 890 688 sapientie
902 613 968 668 est:
989 614 1094 669 tacere

138 686 191 767 qui
205 687 318 763 nescit,
333 689 435 751 nescit
449 687 543 769 loqui.

179 770 259 834 Tria
273 781 345 834 sunt
359 771 515 854 praeciput
530 771 660 834 inomni
675 771 737 835 viat
751 771 918 834 habendas
940 771 972 834 in
993 771 1097 836 animo

136 853 314 935 prudentia,
329 856 361 918 in
376 854 462 918 vultu
475 855 671 932 verecundia,
686 855 718 918 in
733 855 842 938 tingat
852 853 1020 918 silentium.

135 1019 166 1083 d·
180 937 221 1001 In
239 939 425 1024 Pythagorae
448 938 556 1003 schole
578 940 777 1022 quinquenne
793 938 950 1002 silentium
964 947 1031 1004 erat
1051 939 1084 1002 in

158 1031 270 1086 rctmn.

394 1127 523 1186 LUDUS
541 1127 591 1181 ΕΤ
610 1125 840 1182 RECREATIO.

181 1233 339 1300 Omnibus
359 1237 484 1318 prodest
505 1235 636 1299 subinde
666 1234 803 1298 animum
830 1233 988 1314 relaxare3
1017 1234 1097 1300 vires

135 1317 289 1380 humanae
303 1318 440 1383 laborem
453 1319 636 1384 continuum
658 1318 723 1402 pati
736 1340 800 1382 non
814 1329 962 1402 possunt:
983 1317 1097 1384 dirum·

138 1402 231 1484 pitur
244 1422 331 1466 arcus
346 1403 398 1484 qui
412 1425 569 1486 nunquam
583 1403 712 1466 laxatur.

186 1486 295 1550 Animi
317 1497 349 1550 et
370 1488 506 1570 corporis
520 1487 714 1550 remissiones
728 1488 768 1550 ad
782 1505 882 1550 novos
896 1484 1020 1550 labores
1041 1507 1098 1550 nos

138 1581 266 1652 parant.

185 1655 261 1718 Non
282 1655 468 1718 remittenda
482 1654 606 1738 quidem
629 1665 700 1718 sunt
721 1653 834 1731 studia,
852 1654 907 1718 scd
921 1653 1097 1732 relaxanda,

139 1738 281 1810 nascitur
301 1739 388 1802 enim
406 1760 445 1803 ex
466 1739 645 1804 assiduitate
667 1739 810 1802 laborum
830 1738 975 1821 quaedam
1003 1739 1099 1804 hebe-

140 1824 222 1886 tatio
235 1834 268 1886 et
282 1834 386 1906 torpor
400 1823 505 1887 animi.

186 1907 286 1970 Detur
300 1908 404 1990 pueris
424 1907 596 1990 respiratio,
620 1905 721 1985 ludus,
746 1917 779 1970 et
789 1905 988 1991 jucunditas:
1008 1927 1099 1971 cave-

141 2001 201 2056 ant
214 2001 318 2055 autem
332 1994 373 2056 ab
387 1991 634 2076 intemperantiis,
647 1991 843 2055 meminerint
859 1991 1067 2056 verecundie.

488 2124 755 2180 PHILOSOPHIA.

188 2208 390 2292 Philosophia
403 2209 563 2295 sapientiae
578 2229 663 2272 arnor
676 2219 734 2271 cst
778 2207 982 2291 Philosophia
1002 2207 1101 2269 omni-

144 2315 199 2358 um
213 2295 323 2358 artium
337 2305 438 2358 meter
451 2305 518 2358 est:
540 2293 756 2376 haecprimirm
776 2293 816 2356 ad
830 2291 949 2356 cultrun
961 2291 1101 2366 deorum,

145 2379 260 2442 deinde
283 2380 323 2442 ad
342 2379 393 2462 jus
414 2379 583 2455 hominum,
597 2389 664 2440 tum
678 2379 719 2440 ad
738 2376 931 2452 modestiam,
945 2374 1101 2458 magnitu-

145 2463 316 2543 dinemque
330 2463 425 2524 animi
439 2462 580 2525 erudivit.

63 2557 64 2560 ’
194 2545 261 2614 Qui
276 2547 316 2608 ad
331 2545 585 2627 philosophorum
598 2544 721 2607 scholas
734 2545 827 2622 venit,
841 2543 980 2626 quotidie
995 2563 1102 2607 secum

148 2629 268 2710 aliquid
291 2629 365 2692 boni
387 2628 499 2694 exinde
521 2627 619 2707 serat3
641 2639 695 2691 aut
716 2628 817 2692 sanior
837 2629 964 2693 domum
984 2629 1102 2707 redcat,

148 2724 204 2776 aut
218 2713 394 2778 sanabilior.

193 2797 310 2861 Facere
323 2798 419 2861 docet
433 2798 637 2881 philosophia,
652 2819 715 2861 non
725 2797 824 2861 solbm
834 2797 974 2861 discere:
996 2817 1036 2860 ea
1048 2815 1102 2858 au-

149 2891 214 2944 tem
228 2893 275 2946 est
288 2893 321 2945 et
343 2881 595 2965 contemplative,
609 2895 643 2946 et
667 2881 787 2945 activa:
808 2891 932 2965 spectet
950 2879 1102 2960 simulque

150 2965 226 3049 agit

194 3129 394 3213 Philosophia
420 3133 556 3196 animum
578 3133 677 3196 firmat
697 3145 730 3197 et
754 3134 905 3199 fabricati
927 3133 1022 3195 num
1042 3128 1104 3191 dis-

152 3214 252 3300 ponit,
266 3215 410 3279 actiones-
419 3217 520 3300 regit,
534 3217 657 3300 agenda
670 3229 704 3282 et
717 3219 889 3284 omittenda
901 3218 1103 3278 demonstret.

87 3348 92 3359 ,
194 3298 378 3362 Aristoteles
406 3312 540 3386 rogatus,
566 3301 653 3371 Quid
685 3302 802 3368 fructirs
825 3297 1021 3384 philosophie
1049 3317 1105 3362 sua
1139 3339 1140 3342 =

152 3383 198 3480 illi
219 3383 383 3459 attulisset,
402 3383 442 3447 Ut
453 3386 649 3484 uredinquit,
662 3397 762 3472 monte
784 3407 818 3450 eo
829 3382 952 3468 socium,
967 3405 1031 3470 qm
1038 3382 1105 3471 pst.

153 3466 752 3698 mrliiieffgfflhtgrihhciirhimfiidhysio‚
766 3552 854 3652 Quid
867 3551 1013 3620 eximium
1026 3555 1102 3618 hab-

1202 410 1204 454 l
