2492 4038
612 881 711 892 1—ae

433 1071 481 1156 μ’
535 1031 796 1112 unacum

649 1317 676 1374 l.

500 1433 658 1514 vuLPus·
679 1433 729 1488 ΕΤ
755 1433 849 1488 LEO.=

234 1548 373 1624 Vuarus,
398 1568 469 1628 quoe
484 1569 641 1629 nunquam
663 1547 785 1610 leonem
806 1545 935 1622 viderat,
950 1566 1047 1628 quum
1069 1545 1144 1608 huic

191 1633 267 1697 sorta
289 1632 486 1709 occurrisset,
501 1632 545 1694 ita
567 1633 661 1696 fertur
674 1631 827 1708 exterrita,
848 1641 883 1692 ut
906 1651 987 1712 pene
1011 1651 1146 1694 morere·

191 1729 239 1781 tur
261 1715 442 1794 formidine3
476 1716 612 1780 eundem
643 1715 827 1797 conspicata
856 1713 976 1790 iterum,
1005 1715 1147 1778 extimuit

192 1800 326 1882 quidem,
354 1801 409 1863 sed
434 1820 631 1881 nequaquam
653 1809 688 1864 ut
710 1810 821 1864 antea:
843 1797 934 1862 testib
956 1797 1001 1862 illi
1023 1799 1147 1862 obviam

192 1886 285 1960 sacta,
308 1895 371 1947 tam
396 1885 484 1948 firmo
508 1886 612 1948 animo
634 1884 701 1960 fuit,
727 1893 762 1946 ut
783 1883 935 1947 accedere
958 1883 1148 1967 propitiast

193 1968 382 2051 compellare
396 1967 484 2032 illurn
497 1969 635 2033 auderet.

652 2097 683 2153 2.

463 2193 639 2250 ANSERES
669 2194 719 2248 ΕΤ
749 2193 886 2250 GRUES.

237 2282 400 2373 {neodem
415 2295 505 2367 prato
520 2284 727 2367 pascebantur
741 2290 866 2348 erueres
883 2293 916 2346 et
936 2302 1039 2366 grues.
1084 2284 1149 2346 Ad·

194 2365 338 2430 veniente
360 2389 492 2450 aucupe,
515 2389 617 2452 grues,
639 2369 765 2433 levitate
779 2367 956 2451 subadjuti,
971 2363 1063 2431 facille
1077 2387 1149 2431 avo-

195 2450 277 2512 lant:
298 2471 422 2515 anseres
437 2463 550 2529 autem,
563 2453 704 2534 impediti
718 2453 880 2536 gravitate,
894 2449 970 2513 darn
983 2451 1149 2516 moliuntur

199 2531 313 2617 ingara,
329 2535 371 2598 ab
386 2555 508 2618 aucupe
523 2536 762 2618 prehenduntur.

662 2659 692 2716 3.

468 2755 610 2811 ASINUS
640 2757 691 2811 ΕΤ
717 2757 876 2813 VULPES.

239 2846 363 2923 Asinus,
378 2839 504 2910 indutus
525 2845 625 2910 leonis
645 2847 738 2930 pelle,
762 2849 894 2930 superbe
919 2848 1151 2924 obambulabat,

197 2939 231 2992 et
258 2929 392 3010 reliquas
413 2930 530 2994 bestias
558 2931 727 2995 territabat.
792 2931 877 2996 Huic
913 2934 1036 2998 obviam
1068 2931 1153 2995 facta

197 3011 373 3093 vulpecula,
401 3034 471 3096 quae
501 3015 578 3079 sorte
606 3015 689 3103 illius
716 3037 826 3080 vocem
848 3017 1028 3082 audiverat:
1050 3014 1152 3078 Etiam

16 3099 21 3106 '
100 3186 104 3192 Ι
199 3104 231 3158 te
246 3115 316 3179 ego,
330 3096 439 3178 inquit,
454 3109 635 3186 metuerem,
649 3100 707 3164 nisi
723 3111 754 3164 te
768 3102 878 3165 rudere
894 3100 994 3163 solere
1008 3096 1129 3161 scirem.

496 3227 866 3386 anua'uul'vuaaus.

241 3411 360 3477 Videas
395 3408 560 3492 vulpecula
595 3411 636 3472 ad
663 3420 805 3472 tnmcum
839 3404 958 3468 roboris
990 3416 1152 3471 acuentem

199 3491 309 3561 dentes
333 3517 442 3579 aprum
456 3495 627 3578 interrogat
640 3493 738 3568 illum,
759 3509 822 3574 quo
844 3488 976 3554 consilio
996 3490 1028 3553 id
1049 3491 1152 3565 faciat,
1243 3555 1244 3560 ,

200 3582 271 3646 ciun
284 3581 371 3646 nulla
385 3589 496 3668 urgeat
510 3577 689 3652 necessitas,
704 3595 805 3658 neque
821 3573 939 3642 bellum
953 3576 1056 3640 instet.
