2472 4038
569 233 641 304 122
670 233 682 246 ⁴

160 411 216 476 Al.
240 413 397 498 Sumpturn
412 413 497 478 saciat
510 425 623 496 oportet
638 411 686 496 qui
700 411 800 495 quaerit
814 411 949 476 lucrum·

165 493 216 558 ct.
240 497 333 580 Atqui
354 498 501 573 mortales,
525 511 555 558 ut
576 495 671 572 audi0,
687 494 796 558 seliciits
818 495 1010 579 negotiantur,
1033 493 1087 580 qui

119 573 232 642 favente
247 579 394 643 Mercurio
408 579 553 642 ditescunt
566 579 640 656 intra
661 579 825 640 triennium.

160 659 214 725 Al.
238 663 300 726 Sed
314 663 401 726 iidem
416 663 584 747 decoquunt
594 683 810 746 nonnunquam.
855 659 958 723 Tuum
968 661 1086 726 lucrum

116 745 221 822 minus,
236 747 289 808 sed
303 747 417 809 certius.
730 803 733 806 .

68 876 72 885 1
165 828 220 892 ct.
242 827 352 892 Nescio
367 850 454 912 quam
469 841 600 906 certum;
622 825 646 890 si
661 827 724 912 quis
739 829 811 890 deus
833 847 912 890 nunc
934 828 1087 890 exoriatur

118 911 168 996 qui
181 913 403 1057 restrincipum
417 924 584 993 componat,
599 933 661 974 sors
674 913 739 974 hac
753 925 813 974 tota
826 911 898 1006 mihi
912 911 1037 993 perierit.

248 1018 261 1056 s

158 995 210 1058 At.
262 995 422 1078 tiquidom
437 993 474 1056 de
489 1015 520 1055 re
522 995 622 1137 ίὶιὼθο
636 1009 668 1057 ut
677 1015 726 1055 me
737 1015 875 1076 sponsore
887 1016 916 1055 rn
927 1008 1086 1077 utramque

116 1097 217 1172 aurem
242 1077 376 1140 donnias.
419 1076 499 1140 Intra
542 1078 698 1140 ecennium
722 1091 815 1140 totum
840 1077 909 1138 nihil
933 1077 1085 1159 estquod

116 1181 221 1304 pacoro
235 1176 356 1222 menras.
378 1227 379 1232 γ
399 1159 487 1222 Unus
512 1159 663 1222 Romanus
684 1160 815 1244 pontifex
836 1160 940 1222 sedulo
962 1159 1085 1243 quidem

139 1257 246 1306 ortatur
274 1245 312 1308 ad
332 1243 529 1318 concordiam,
550 1244 603 1305 scd
624 1245 744 1306 laterem
765 1245 850 1306 lavat
894 1242 1088 1304 Murmurant

117 1338 149 1388 et
175 1319 316 1390 civitates
332 1325 417 1388 taedio
444 1327 604 1389 malorum:
637 1325 790 1388 conserunt
817 1346 949 1388 susurros
978 1326 1086 1408 populi
1119 1337 1127 1354 ·
1223 1327 1224 1336 ’

116 1409 216 1472 nescio
230 1409 289 1493 qui,
300 1407 463 1488 dictitantes
478 1408 618 1493 iniquum,
627 1423 660 1471 ut
672 1410 710 1471 ob
724 1409 849 1492 pr1vatas
864 1409 919 1470 iras
930 1423 980 1470 aut
990 1408 1087 1470 ambi·
1182 1407 1187 1419 ’

117 1491 227 1554 tionem
255 1493 378 1556 duorum
403 1493 539 1568 triumve,
564 1513 611 1554 res
638 1493 771 1554 humanae
800 1513 914 1554 sursum
944 1491 1086 1554 deorsum

117 1573 310 1637 misceantur:
345 1574 399 1637 sed
426 1575 552 1650 vincent,
580 1574 652 1636 mihi
680 1575 779 1650 crede,
808 1574 968 1658 quamlibet
1000 1587 1088 1636 recta

11 1651 16 1664 '
117 1657 244 1734 consilia,
260 1655 365 1721 Furiae.
409 1656 557 1720 Caeterdm
572 1657 641 1740 quid
655 1676 728 1738 opus
739 1671 801 1718 erat
812 1659 867 1719 hac
878 1655 970 1760 gratid
981 1654 1086 1741 petere

116 1743 259 1882 lsuperos?
280 1740 330 1804 An
349 1740 428 1822 apud
448 1759 502 1802 nos
523 1761 581 1802 non
601 1753 668 1802 sunt
688 1739 780 1802 fabri?
802 1739 894 1825 Certe
911 1739 1088 1802 Vulcanum

138 1840 266 1884 aemus.
937 1854 943 1870 ·

165 1902 217 1966 ct.
240 1903 380 1980 Pulchre,
395 1904 419 1965 si
434 1923 560 1987 quarem
573 1923 680 1967 navem
694 1925 809 1968 aeream.

158 1985 209 2048 Al.
233 1985 358 2050 Minimo
371 2000 536 2049 accersatur
550 1987 660 2071 aliquis.

164 2067 217 2132 Ch.
240 2069 286 2132 ltd
299 2083 352 2146 est,
368 2069 420 2131 sed
434 2070 531 2134 deficit
544 2091 597 2132 nos
611 2072 739 2134 materia.

157 2151 208 2216 Al.
232 2151 315 2224 Quid
329 2151 436 2214 audiui
459 2151 539 2215 Nihil
552 2153 609 2216 illic
623 2153 788 2236 sylvarum?

164 2233 215 2299 ct.
240 2235 337 2299 Etiam
359 2256 478 2298 nemora
498 2257 562 2319 quae
584 2235 696 2300 firerant
717 2237 745 2299 in
766 2237 878 2320 campis
900 2236 1011 2320 Elysiis
1032 2237 1087 2300 ab·

118 2334 234 2463 sumpta
247 2333 322 2382 sunt
368 2351 372 2354 ·
531 2349 533 2352 ·

144 2407 146 2410 ’
206 2401 270 2464 ‚ln
285 2423 373 2486 quem
387 2402 505 2464 tandem
518 2405 626 2466 usum?

166 2483 219 2546 Clt.
242 2483 407 2548 Exurendis
435 2485 634 2548 hereticorum
661 2486 780 2561 umbris,
808 2484 884 2548 adeo
919 2501 953 2548 ut
988 2508 1087 2570 nuper

118 2568 211 2646 coacti
225 2567 315 2630 simus
330 2589 347 2630 e
362 2582 443 2629 terrae
458 2567 615 2630 visceribus
629 2569 768 2632 umbones
782 2568 921 2630 effodere.

159 2645 210 2710 Al.
233 2647 338 2721 Quid?
361 2670 396 2710 an
412 2650 470 2712 istae
485 2652 593 2712 umbrae
608 2672 665 2712 non
687 2665 808 2734 possunt
829 2651 941 2714 minore
962 2665 1085 2735 sumptu

118 2727 232 2812 puniri?
460 2753 465 2758 ·
600 2763 604 2766 ·

166 2809 220 2874 Ol.
243 2811 293 2874 Sic
307 2813 400 2878 visum
414 2827 458 2875 est
471 2811 705 2877 Rhadamantho.

119 2894 210 3039 bsll.
233 2893 294 3025 Phi
314 2895 461 2958 triremem
483 2911 626 2960 mercatus
648 2898 725 2960 eris?
749 2897 829 2962 unde
850 2901 976 2983 remiges
999 2919 1085 2984 para-

140 2990 243 3042 untur.

168 3059 222 3123 Gt.
246 3060 321 3124 Meae
335 3075 431 3144 partes
445 3076 511 3125 sunt
524 3075 624 3125 tenere
640 3063 775 3142 olavum,
796 3064 941 3148 remigem
961 3065 1085 3142 umbra,

119 3141 150 3210 si,
159 3145 249 3208 velint
262 3144 401 3228 trajicere.
511 3162 514 3170 ·
584 3193 586 3197 .

161 3225 214 3290 Al.
237 3229 277 3292 At
289 3241 355 3290 sunt
369 3247 432 3311 quae
447 3245 505 3288 non
519 3226 678 3291 didicerunt
692 3250 805 3292 remum
820 3251 917 3312 agere.

167 3307 223 3372 Cle.
246 3310 337 3394 Apud
350 3331 398 3372 me
412 3309 508 3371 nullus
523 3322 567 3370 est
588 3311 731 3388 eximius3
753 3313 895 3395 remigant
916 3326 947 3376 et
968 3333 1087 3376 monar-

119 3387 193 3482 cha,
218 3394 360 3476 remigant
385 3408 414 3456 ct
437 3391 607 3468 cardinales,
630 3414 713 3455 suam
738 3396 861 3479 quisque
886 3395 995 3473 vicem,
1028 3417 1088 3459 non

119 3471 215 3564 mrnlrs
236 3497 324 3559 quam
345 3475 450 3560 plebeii
471 3489 583 3552 tenues,
597 3475 659 3540 sivo
674 3477 826 3542 didicerint
847 3479 909 3542 sive
931 3501 990 3544 non
1014 3479 1089 3547 didi.

120 3568 222 3618 certat.
