2472 4038
611 261 660 332 93

202 442 274 506 Dati
310 442 456 538 beneficii
487 443 639 507 debemus
668 441 819 519 oblivisci,
851 441 975 525 accepti
1007 449 1112 506 autem

160 545 279 607 semper
292 545 478 588 meminisse.

201 610 292 672 Titus
317 610 525 692 Vespasianus
552 631 645 692 super
669 630 793 673 coenarn
817 609 984 690 aliquando
1007 627 1112 672 recor·

156 693 257 770 datus,
272 694 355 775 qubd
369 715 409 756 eo
423 693 474 756 die
485 693 600 756 nemini
612 693 782 776 quicquam
792 693 993 776 praestitisset,
1005 691 1111 768 Amet,

155 776 265 859 inquit,
280 778 353 841 diem
361 777 492 862 perdidi.

551 874 714 930 DESIDIA.

156 987 167 994 ·
199 968 358 1032 Desidiam
371 987 432 1032 ceu
447 976 567 1050 pestem
581 967 736 1047 quandam
758 985 880 1048 semper
894 963 1014 1049 firgite3
1034 964 1110 1030 nihil

155 1073 218 1115 non
231 1052 382 1115 malorum
395 1051 479 1114 enirn
494 1051 588 1114 docet
601 1049 731 1113 desidia.
983 1057 985 1062 ’

197 1137 257 1199 Per
271 1146 426 1218 torporem
441 1135 520 1198 vires
534 1143 567 1196 et
580 1133 739 1216 ingenium
753 1133 903 1196 defluunt.

197 1220 345 1302 Improba
366 1218 492 1282 vitanda
514 1227 562 1281 est
580 1217 701 1280 desidia
722 1217 821 1280 siren:
838 1237 857 1279 a
872 1217 968 1294 vobis,
986 1217 1110 1279 'nvenes

155 1303 268 1384 procul
296 1303 397 1365 absint
423 1301 540 1378 mollia,
564 1299 701 1380 blanda3
723 1301 819 1364 ardua
840 1299 948 1384 petite,
969 1239 1111 1364 difficilia

156 1385 324 1468 suscipite3
345 1407 400 1468 per
414 1407 496 1464 saxa,
518 1407 574 1468 per
594 1404 696 1467 rupes,
712 1405 768 1468 per
788 1385 887 1468 ignes,
905 1383 1024 1448 divinas
1038 1383 1110 1446 Mu·

155 1489 206 1532 sas
221 1469 425 1532 insectamini.

197 1552 285 1618 Nihil
300 1554 434 1637 agendo,
454 1552 535 1616 male
557 1573 651 1636 agere
675 1552 853 1636 perdisces:
874 1561 910 1615 ut
924 1550 1037 1635 rubigo
1050 1549 1110 1614 fer·

154 1657 230 1714 rum,
246 1637 289 1700 ita
303 1638 401 1707 otium
415 1637 494 1700 vires
508 1637 672 1700 consumit.

196 1721 240 1786 Ut
263 1742 353 1804 aquae
376 1731 557 1806 stagnantes
583 1719 675 1784 facile
698 1728 948 1804 conumpuntur,
969 1718 1014 1784 sic
1036 1719 1108 1796 vita,

57 1885 65 1898 κ
153 1805 238 1870 nullo
252 1806 379 1892 negotio
393 1815 560 1890 occupata,
573 1805 655 1870 vitiis
669 1804 819 1870 obruitur.
901 1811 902 1820 ’

484 1917 775 1974 TEMPERANTIA.

194 2008 424 2090 Temperantia,
449 2008 482 2070 in
509 2008 602 2071 rebus
623 2017 678 2074 aut
699 2005 891 2090 expetendis,
913 2015 967 2070 aut
986 2003 1108 2090 fugien-

153 2092 212 2170 dis,
225 2093 376 2156 rationem
389 2103 425 2156 ut
439 2112 602 2173 sequamur
614 2101 731 2155 monet.

194 2177 232 2240 In
247 2177 389 2248 omnibus
405 2175 598 2240 adhibendus
612 2185 660 2238 est
673 2175 801 2238 modus:
814 2193 878 2237 non
892 2174 1041 2256 quantam
1055 2191 1108 2236 ve-

151 2261 198 2338 lis,
213 2261 268 2324 sed
283 2263 432 2343 quantum
446 2281 566 2324 sumere
581 2259 708 2336 debeas,
727 2257 932 2342 temperantia
946 2255 1106 2340 permittit.

150 2346 254 2408 Mater
276 2346 415 2410 sanitatis
436 2355 485 2409 est
506 2344 713 2423 abstinentia3
734 2353 833 2406 mater
847 2340 1040 2426 aegritudinis
1053 2361 1107 2402 vo-

150 2429 254 2512 luptas
267 2453 275 2490 z
289 2429 497 2512 temperantia
506 2429 590 2492 enim
599 2440 632 2490 et
645 2427 769 2491 morbos
780 2438 813 2490 et
822 2436 994 2510 egestatem
1009 2433 1105 2486 arcet.

195 2513 288 2574 Solus
302 2513 335 2574 in
356 2513 473 2574 illicitis
487 2533 550 2574 non
564 2513 659 2587 cadit,
674 2511 774 2593 quise
789 2509 957 2592 aliquando
978 2518 1012 2573 et
1032 2527 1051 2570 a
1069 2506 1106 2590 li·¹

151 2595 222 2658 citis
236 2597 328 2659 caute
342 2595 486 2658 abstinet.

193 2679 385 2762 Pythagoras
398 2678 600 2762 philosophus
614 2677 762 2742 olusculis
776 2679 894 2742 tantrim
915 2685 949 2743 et
964 2675 1105 2761 fnrgibus

148 2764 342 2840 vescebatur,
357 2762 502 2827 carnibus
517 2763 712 2828 abstinebat:
726 2775 834 2846 potum
848 2761 893 2825 illi
907 2762 975 2826 sons
985 2762 1103 2826 tribuit.

521 2867 738 2922 NOBILI'I'AS.

110 2970 114 2977 '
191 2956 328 3020 Virtutes
343 2957 427 3019 certe
443 2953 570 3030 faciunt,
585 2963 620 3017 ut
634 2953 713 3016 alter
727 2951 826 3016 altero
840 2951 973 3015 nobilior
986 2947 1036 3011 sit.

69 3090 75 3096 ,
192 3040 309 3102 Praeter
332 3039 476 3101 virtutem
497 3037 615 3100 nullam
636 3057 775 3120 agnosco
798 3035 1012 3110 nobilitatem
1033 3027 1104 3092 reli-

150 3144 213 3206 qua
226 3122 298 3184 verb
313 3131 428 3185 cuncta
443 3121 573 3184 fortunae
589 3121 719 3184 aestimo.

193 3206 252 3270 Ille
267 3204 378 3282 clarus,
393 3204 446 3268 ille
468 3205 617 3282 sublimis,
632 3203 684 3267 ille
706 3203 829 3282 nobilis,
843 3203 897 3284 qui
918 3197 1104 3280 dedignatur

149 3291 262 3356 servire
277 3289 358 3352 vitiis
371 3300 403 3352 et
418 3290 458 3351 ab
472 3289 516 3352 eis
531 3288 677 3370 superari.
1010 3363 1016 3376 .

192 3375 298 3440 Bonus
312 3374 358 3435 vir
370 3373 445 3436 mihi
467 3373 580 3436 nobilis
601 3373 740 3436 videtur:
762 3370 815 3450 qui
830 3365 902 3429 verb
923 3385 985 3428 non
1004 3376 1104 3449 justus

100 3455 102 3465 '
149 3470 206 3536 est,
222 3458 298 3522 licet
313 3477 333 3520 a
346 3468 434 3538 patre
447 3457 585 3534 meliore,
600 3458 693 3538 quarn
707 3453 827 3535 Jupiter
849 3459 906 3528 est,
928 3470 1026 3534 genus
1048 3450 1104 3513 du·

150 3554 211 3620 cat,
226 3541 372 3626 ignobilis
387 3541 462 3604 mihi
476 3542 606 3604 videtur.
