2472 4038
554 229 601 300 88

108 411 227 479 discere
239 432 249 489 ;
270 409 353 480 Quae
366 405 436 484 illis,
450 407 559 488 inquit,
573 406 627 470 ubi
642 405 683 468 ad
697 405 817 470 virilem
839 412 967 468 aetctem
990 422 1061 487 per-

78 542 82 550 ,
107 495 256 571 venerint,
271 492 339 556 usui
354 502 425 555 sunt
439 491 550 554 lutura.

149 577 313 653 Hercules,
328 577 399 639 clun
424 575 555 658 primirm
579 573 774 656 pubesceret,
796 573 872 637 exiit
896 572 930 636 in
952 571 1061 636 solitu-

106 660 221 736 dinem,
236 671 330 742 atque
348 659 393 722 ibi
414 659 524 724 sedens
548 658 602 721 diu
626 678 733 720 secum
754 657 947 738 multumque
969 655 1061 718 dubi-

107 745 193 822 tavit,
208 746 279 808 cum
293 745 370 810 duas
383 752 525 806 cerneret
537 742 611 818 vias,
626 761 720 806 unam
734 741 912 824 voluptatis,
927 740 1060 804 alteram

75 811 86 838 ¹
106 829 235 905 virtutis,
249 838 349 890 utram
363 827 483 910 ingredi
497 825 607 888 melius
621 835 713 890 essct.

149 954 195 1018 Ut
208 953 240 1016 in
263 951 389 1016 senibus
413 949 573 1026 sobrietas,
595 959 628 1014 et
650 970 770 1013 morum
791 948 943 1032 perfectio
956 948 1061 1030 requi-

106 1037 182 1100 ritur
193 1060 202 1116 ;
223 1037 267 1099 ita
280 1037 313 1100 in
337 1033 589 1098 adolescentibus
612 1033 759 1098 honestus
782 1034 883 1118 pudor
904 1043 937 1096 et
950 1032 1061 1098 obedi-

106 1121 201 1184 entia.

149 1204 259 1268 Honor
272 1201 506 1268 adolescentum
520 1210 567 1264 est
586 1199 665 1278 Deo,
680 1201 869 1284 parentibus,
884 1211 918 1264 et
931 1200 1060 1264 seniori-

105 1289 165 1350 bus
186 1288 335 1351 honorem
355 1285 497 1365 delerre;
518 1285 704 1362 castitatem,
729 1284 938 1362 clementiam,
952 1295 986 1348 et
1005 1305 1060 1349 ve-

105 1373 287 1436 recundiam
301 1371 415 1435 colere.

148 1457 243 1538 Apud
264 1453 521 1520 Lacedaemonios
543 1453 646 1519 scelus
670 1462 737 1516 erat
757 1452 904 1537 juvenem
925 1473 989 1517 nou
1010 1472 1060 1516 as·

106 1541 271 1604 surrexisse
286 1540 362 1604 seni.
647 1577 657 1590 «

135 1622 507 1689 .Ad01escentibusb0na
526 1622 631 1688 indole
645 1620 783 1706 praeditis
798 1621 954 1703 sapientes
968 1639 1060 1688 senes

105 1706 311 1771 delectantur.

147 1790 166 1853 J
168 1791 274 1854 uvenis
288 1791 428 1854 laborem
444 1809 591 1854 recusans
613 1790 645 1854 in
668 1800 831 1856 senectute
845 1789 985 1854 miseret
1004 1807 1059 1855 cu·

105 1873 264 1938 lamitosus
278 1874 346 1937 erit.

390 2041 394 2048 ⁶
474 1974 690 2030 cumcurm.

147 2061 206 2126 Est
229 2045 506 2146 sapientia'prima
536 2059 666 2126 stultitia
693 2063 839 2126 caruisse.
896 2061 1058 2145 Sapientia

103 2167 152 2210 ars
166 2147 290 2211 vivendi
304 2155 361 2224 est,
376 2165 446 2226 quae
461 2165 518 2208 nos
533 2165 552 2208 a
566 2145 731 2212 libidinum
751 2147 879 2229 impetu,
900 2155 933 2210 et
955 2145 1058 2210 sonui·

103 2230 212 2294 dinum
226 2242 339 2296 terrore
354 2227 502 2294 vindicat.

146 2314 220 2378 Hoc
242 2315 330 2391 scite,
353 2311 509 2378 neminem
532 2332 624 2394 posse
647 2312 730 2380 bene
752 2313 863 2392 vivere,
887 2314 956 2380 sine
976 2313 1057 2398 sapi-

102 2398 197 2462 entiae
213 2399 325 2462 studio.
402 2443 405 2448 -

147 2482 280 2566 Sapiens
294 2481 371 2546 nibil
385 2480 516 2544 fortunae
531 2479 641 2560 credit,
656 2491 821 2546 contentus
843 2483 965 2561 virtute,
985 2504 1058 2566 quac

102 2563 215 2646 opibus
229 2588 293 2630 non
307 2566 436 2650 indiget.

144 2647 317 2711 Maximum
341 2649 490 2724 indicium
515 2649 677 2733 sapientias
701 2662 759 2728 est,
783 2660 818 2714 ut
838 2652 941 2715 verbis
962 2671 1058 2734 opera

101 2733 304 2794 concordent.
939 2749 944 2756 '
1085 2783 1099 2796 .

146 2815 303 2898 Sapientis
316 2835 405 2878 mens
418 2835 483 2880 non
496 2815 672 2878 incurvatur
685 2838 693 2878 ε
714 2826 776 2880 stat
789 2826 893 2881 rectus
907 2816 965 2882 sub
979 2837 1059 2900 quo·

102 2897 181 2962 libet
192 2900 338 2983 pondere.

145 2985 180 3047 N
181 3007 222 3050 on
237 2983 335 3048 solinu
358 2985 430 3045 cium
445 3004 537 3046 vacas
552 2984 705 3066 sapientia
719 2985 854 3050 colenda
867 2995 937 3068 est3
951 2986 1058 3052 omnia
1078 3015 1080 3020 ·

102 3065 165 3130 alia
179 3081 251 3132 sunt
264 3067 455 3152 negligenda
468 3078 503 3130 ut
516 3069 546 3132 ei
561 3069 759 3134 assideamus.

143 3151 248 3215 Mater
262 3153 398 3216 omnium
411 3153 564 3216 bonarum
579 3175 681 3217 rerum
694 3165 742 3218 est
756 3153 919 3238 sapientia,
934 3155 996 3239 qud
1010 3155 1057 3218 ni-

101 3228 145 3292 lril
161 3255 180 3294 a
197 3237 257 3300 diis
271 3235 494 3300 immortalibus
509 3239 706 3320 praestantius
720 3239 837 3304 homini
854 3240 962 3304 datum
975 3249 1033 3304 est.
1094 3243 1101 3259 ‘

205 3411 210 3418 ι
425 3342 697 3402 conscissum.

143 3424 344 3495 Conscientia
357 3434 439 3496 bene
454 3442 534 3495 actae
549 3433 620 3496 vitae
632 3435 856 3517 jucundissima
870 3446 927 3500 est.

144 3505 234 3572 Bona
254 3517 447 3580 conscientia
471 3509 593 3599 prodire
608 3520 673 3582 vult
687 3531 720 3584 et
733 3521 894 3604 conspici:
915 3503 1058 3602 nequitia
1164 3595 1166 3598 ,
