2472 4038
569 249 619 324 92

165 430 228 498 Ubi
249 431 428 510 concordia,
451 432 588 496 omnium
611 432 764 495 bonorum
786 429 997 494 conservatrix
1021 430 1078 495 llo-

122 527 198 593 rent‚
213 518 318 580 omnia
330 518 412 582 Mne
427 517 612 580 vehebant:
633 515 688 579 ubi
713 515 783 580 lites
805 515 937 578 seminat
959 514 1092 602 discor-⁸

121 600 184 676 dia,
199 601 219 640 ἥ
233 601 310 669 nihil
324 622 388 665 non
401 601 552 664 malorum
566 601 681 663 videas

163 683 329 748 Civitatem
357 706 420 749 non
455 685 544 761 saxis,
574 683 713 768 lignime,
745 683 800 746 sed
821 682 935 745 civium
963 683 1076 746 virtute

119 768 233 832 muniri
248 780 381 852 oportet,
400 790 477 852 quos
498 768 523 830 si
544 767 649 864 jungit
663 767 842 852 concordia,
857 767 960 830 nullus
974 777 1077 850 potest

120 870 190 915 esse
203 873 309 916 murus
322 852 599 936 inexpugnabilior.

163 987 304 1053 Fratrum
335 989 417 1060 inter
446 1009 480 1053 se
502 989 672 1053 concordia
701 989 809 1071 quovis
839 1009 929 1052 muro
960 987 1076 1052 firmius

119 1073 345 1136 munimentum
359 1083 417 1136 est.
988 1081 990 1088 ⁴

164 1156 303 1220 Soilurus
317 1157 480 1241 octoginta
501 1156 581 1220 filios
603 1156 732 1238 habens,
755 1158 827 1220 ciun
845 1166 926 1220 esset
949 1157 1077 1220 moritu·

118 1261 181 1317 rus,
209 1240 393 1304 fasciculum
414 1241 589 1326 jaculorum
611 1241 741 1324 singulis
762 1241 906 1324 porrexit,
925 1240 1076 1324 jussitque

119 1345 272 1406 rumpere.
319 1325 356 1388 Id
380 1327 452 1389 crim
477 1325 591 1409 singuli
613 1325 848 1401 recusavissent,
863 1345 903 1388 eo
918 1324 1001 1405 qudd
1021 1324 1078 1387 im-

119 1407 268 1490 possibile
282 1409 448 1487 videretur,
472 1409 539 1492 ipse
561 1409 685 1492 singula
704 1409 812 1493 jacula
831 1408 956 1484 exemit,
982 1417 1076 1489 atque

120 1491 166 1556 ita
179 1493 284 1556 omnia
298 1492 389 1558 facile
404 1493 570 1577 confregit,
584 1493 664 1556 filios
679 1493 848 1557 admonens
862 1491 910 1554 his
923 1492 1046 1572 verbis3

165 1575 202 1639 Si
214 1577 365 1641 conada
378 1578 506 1664 flevilia,
520 1576 621 1654 solidi,
645 1577 797 1662 invictique
816 1575 963 1639 manebitis
972 1599 985 1652 ,·
1006 1598 1076 1639 con-

120 1660 177 1737 trs,
191 1661 218 1724 si
231 1661 357 1725 dissidiis
371 1673 398 1725 et
414 1661 552 1726 seditione
575 1662 637 1725 sitis
657 1660 796 1738 distracti,
819 1659 968 1724 imbecilles
988 1659 1075 1738 critola,

120 1753 147 1806 et
160 1745 453 1831 expugnatusatilas.

489 1866 706 1923 BENEF'ICIA.

163 1967 249 2039 Quae
263 1970 360 2118 pratis
374 1991 394 2036 a
407 1969 477 2036 Deo
488 1971 640 2054 accepisti
655 1968 750 2054 gratis
764 1979 888 2053 praerta.

162 2053 207 2118 Ut
231 2075 267 2118 so
300 2055 468 2133 sceleratis,
492 2055 574 2119 ‘uxta
597 2075 637 2118 ao
658 2053 717 2139 piis
738 2053 855 2136 oritur;
876 2054 920 2119 ita
941 2053 1076 2122 benefici

118 2147 168 2200 est
181 2140 278 2222 gratis
292 2151 326 2204 et
339 2139 467 2226 ingratis
480 2077 566 2204 dare.

163 2222 269 2288 Unum
283 2225 365 2290 bene
378 2224 568 2290 collocatum
581 2222 772 2288 beneficivun
792 2221 960 2288 multorum
984 2223 1076 2288 amis-

118 2327 223 2374 sorum
237 2308 354 2372 solatur
367 2309 490 2372 damna.

161 2393 229 2464 Qui
251 2392 387 2456 liberalis
408 2402 466 2470 est,
479 2413 543 2456 non
557 2401 705 2474 expectat
725 2401 761 2456 ut
780 2400 928 2476 rogetur3
949 2391 1005 2456 sed
1027 2391 1075 2456 ul-

117 2477 165 2540 tro
179 2477 293 2558 quaerit
306 2475 505 2540 occasionem
519 2475 682 2561 largiendi.

160 2560 293 2624 Parvum
315 2561 504 2626 beneficitun
517 2561 698 2644 tempestive
720 2559 871 2639 collatum
891 2559 1075 2644 accipienti-

116 2641 175 2704 bus
190 2643 226 2705 fit
238 2643 415 2708 maximum.

159 2724 348 2807 Duplicatur
372 2727 564 2790 liberalitatis
588 2728 699 2810 gratia,
721 2728 793 2790 cbrn
815 2727 941 2791 accedit
963 2727 1076 2794 celcri-

116 2819 184 2872 tas:
204 2809 305 2872 minus
318 2809 474 2891 decipitur
487 2810 539 2872 cui
553 2821 685 2894 negatur
701 2810 844 2874 celerius.

161 2893 264 2968 Errat,
279 2891 304 2954 si
319 2891 387 2974 quis
402 2893 589 2957 beneficium
611 2893 735 2958 liberius
757 2893 884 2977 accipit,
899 2896 992 2977 quam
1006 2897 1076 2960 red-

116 2975 186 3040 dit:
207 2975 332 3040 hilarior
345 2995 413 3040 esse
427 2975 525 3041 debet
538 2978 591 3060 qui
606 2977 706 3056 solvit,
721 2979 814 3062 quim
828 2979 882 3060 qui
895 2990 1030 3044 mutuat.

159 3095 371 3160 Liberalitatis
396 3095 459 3159 duo
487 3107 559 3161 sunt
584 3097 717 3162 maxine
746 3097 921 3163 laudabiles
955 3099 1076 3181 sontes3

39 3249 43 3258 .
115 3193 225 3244 verum
236 3179 397 3264 judicium,
411 3191 444 3242 et
458 3180 594 3244 honesta·
603 3182 833 3246 benevolentia.

160 3259 212 3324 Ne
234 3264 274 3328 sit
293 3263 390 3348 major
412 3263 623 3328 beneficentia
636 3265 728 3346 quiam
747 3266 902 3346 facultas;
924 3267 977 3349 qui
991 3267 1076 3330 enim
1182 3305 1187 3313 -
1231 3247 1232 3265 Χ

114 3333 377 3411 beneficentiores
392 3368 459 3412 esse
473 3347 582 3412 volunt
599 3349 692 3430 quan
716 3371 764 3414 res
779 3350 905 3433 patitur,
915 3353 990 3415 dum
1004 3349 1074 3414 aliis

115 3421 264 3495 P¹0desse
279 3431 414 3508 student,
429 3431 487 3495 sibi
502 3431 575 3515 ipsis
589 3444 715 3496 nocent.

219 3574 222 3582 ’
301 3567 314 3592 a
324 3567 395 3617 Nihil
409 3585 460 3619 non
474 3569 705 3634 malorum-ovory
720 3569 781 3620 kind
796 3570 827 3620 of
837 3571 894 3620 avil.

1227 3347 1231 3388 l
