2472 4038
536 187 598 298 '90

143 407 229 472 Nihil
251 418 339 491 turpe
369 409 414 472 vir
444 408 544 472 bonus
574 407 677 483 saciet,
699 406 819 470 etiamsi
841 426 949 470 omnes
976 407 1053 472 deos

99 492 300 574 hominesque
315 493 419 556 celare
434 492 541 575 possit.
679 495 689 507 ‘

140 576 303 660 Praeoipua
317 577 455 661 dignitas
473 587 530 653 ast,
544 592 607 639 non
629 573 717 658 fungi
740 575 918 652 honoribus,
931 575 989 640 sed
1010 576 1052 639 ab

98 657 167 722 aliis
181 660 312 744 dignum
326 661 442 724 honore
454 659 597 744 judicari.
679 685 683 690 ¹

139 743 206 814 Qui
230 743 375 808 virtutem
399 745 514 810 honore
538 763 594 820 suo
616 742 748 820 fraudat,
763 743 863 826 ipsam
876 743 1054 808 virtutema

94 828 257 912 juveutute
272 828 381 892 aufert.

141 948 215 1013 Non
229 959 277 1012 est
290 950 428 1033 dignum,
443 958 477 1011 ut
499 947 571 1011 inde
596 946 703 1030 exigas
725 945 884 1025 honorem,
899 947 982 1012 unde
1005 967 1052 1010 re·

97 1031 180 1116 tirgis
199 1033 347 1097 laborem.

139 1116 214 1182 Non
227 1117 421 1201 voluptatum
435 1116 485 1180 via
498 1116 554 1180 sed
568 1114 686 1178 virtutis
701 1115 742 1178 ad
755 1115 880 1179 honoris
894 1114 1052 1199 fastigium

97 1201 168 1264 itur.

139 1284 267 1348 Marcus
294 1285 374 1348 Cato
396 1284 548 1368 populum
568 1284 746 1348 Romanum
766 1282 915 1347 monebat
938 1293 974 1347 ut
997 1283 1053 1347 ho-

96 1389 204 1432 norem
231 1368 427 1453 magistratus
455 1369 503 1432 his
524 1369 649 1432 demum
670 1367 908 1446 committerem,
936 1368 990 1451 qui
1012 1368 1053 1432 de

97 1473 130 1516 se
142 1453 261 1516 virtutis
275 1453 435 1535 specimen
449 1453 617 1516 dedissent.

138 1537 169 1600 A
183 1535 333 1601 Romanis
357 1537 493 1600 Honoris
516 1535 634 1618 templo
656 1535 785 1600 Virtutis
809 1535 960 1618 templum
985 1546 1053 1599 erat
1153 1546 1158 1551 “
1235 1542 1236 1621 p

96 1621 310 1704 conjunctum,
324 1621 357 1684 in
371 1621 456 1703 quod
469 1620 528 1684 nisi
553 1625 609 1704 per
629 1619 749 1683 virtutis
763 1619 914 1704 templum
928 1620 1052 1684 introire

96 1705 213 1767 nemini
231 1705 350 1769 liceret.

120 1799 122 1804 ’
481 1805 664 1860 JUS'I'I'I'IA.

137 1892 262 1956 Justitia
276 1902 324 1956 est
339 1902 484 1954 constans
508 1901 541 1956 et
565 1901 716 1975 perpetua
740 1891 835 1957 animi
857 1892 1052 1988 propensitas
1112 1971 1113 1974 Ἴ
1231 1928 1233 1937 ·

91 1978 143 2062 jus
157 1997 247 2039 suurn
260 1977 430 2058 unicuique
445 1975 611 2039 tribuendi.

137 2060 225 2124 Nihil
239 2070 287 2123 est
301 2060 465 2124 honestum
479 2061 563 2141 quod
584 2059 704 2144 justitia
726 2069 839 2140 vacat3
859 2080 919 2124 neo
934 2059 1000 2125 sine
1014 2060 1053 2124 ea

94 2154 198 2226 potest
212 2143 330 2226 aliquid
344 2164 411 2208 esse
427 2143 594 2218 laudabile.

136 2226 270 2292 Justitiae
298 2227 446 2292 convenit
472 2247 563 2292 suum
590 2227 704 2309 cuique
726 2227 866 2304 reddere,
894 2225 1053 2292 beneficio

92 2311 238 2394 gratiam,
253 2312 372 2396 injuriae
387 2312 546 2376 talionem.

136 2394 238 2459 Ponat
252 2415 415 2478 personam
430 2396 522 2458 amici
536 2394 585 2459 vel
600 2394 728 2472 inimici,
738 2396 792 2476 qui
804 2393 919 2480 judicis
934 2393 1052 2458 induit:

89 2497 216 2558 semper
226 2480 310 2542 enim
326 2479 449 2561 iniquus
463 2490 511 2542 est
522 2480 618 2563 judex
632 2479 685 2560 qui
699 2490 754 2542 aut
764 2479 882 2544 invidet
892 2487 947 2542 aut
957 2478 1051 2543 favet.

110 2559 203 2702 ffissiui
230 2562 362 2644 adipisci
386 2583 489 2626 veram
510 2563 641 2647 gloriam
656 2563 731 2641 vult,
752 2563 879 2648 justitiae
904 2562 1052 2648 fungatur

89 2659 110 2701 o
145 2661 215 2704 aus.

131 2723 274 2792 Qualem
296 2727 340 2789 vis
361 2748 429 2791 esse
452 2729 623 2811 proximum
645 2734 731 2794 tuum
752 2730 820 2808 tibi,
842 2730 914 2794 talis
928 2739 997 2794 esto
1018 2741 1052 2796 et

88 2815 121 2866 tu
138 2808 202 2869 tuis
217 2810 375 2890 proximis.

129 2891 233 2959 Quod
248 2893 313 2975 pati
327 2915 390 2958 non
404 2895 450 2958 vis
464 2897 505 2961 ab
520 2895 592 2974 alio,
606 2917 708 2980 neque
723 2897 756 2960 id
770 2895 878 2962 iacias.

473 3005 671 3060 LIBERTAS.

16 3089 19 3096 '
126 3084 161 3146 N
161 3107 241 3151 emo
256 3090 406 3168 liberast,
420 3093 479 3155 nisi
494 3097 547 3176 qui
562 3096 621 3160 sibi
637 3091 777 3179 im'perat.

121 3166 229 3234 Liber
243 3185 293 3238 est
307 3175 359 3256 qui
382 3175 485 3258 seipso
507 3189 556 3242 est
579 3191 755 3258 contentus,
770 3191 803 3245 et
820 3201 907 3245 exse
922 3181 1049 3265 pendet,

30 3311 32 3316 ,
76 3265 141 3308 non
158 3271 202 3313 ex
219 3256 349 3322 alterius
364 3259 491 3324 arbitrio
504 3273 537 3325 et
551 3263 690 3348 imperio.

71 3419 73 3422 Ι
118 3329 230 3422 Nulla
245 3343 388 3426 voluptas
402 3343 474 3408 viris
488 3346 630 3429 ingenuis
650 3359 698 3412 est
712 3349 856 3414 libertate
870 3350 1004 3414 suavior.
1050 3315 1055 3324 ἱ

117 3407 228 3478 Liber
252 3437 302 3490 est
324 3427 524 3492 aestimandus
552 3431 604 3512 qui
632 3433 708 3496 nulli
730 3433 912 3517 turpitudini
935 3433 1030 3497 servit

73 3508 174 3566 quem
193 3510 353 3582 superbus
368 3533 430 3574 non
446 3513 532 3578 inflat
548 3515 677 3577 animus.
