2492 4038
586 199 635 270 58

84 455 85 458 Ἴ
121 409 124 422 ·
180 377 275 442 Porro
297 377 423 442 Samuel
445 378 585 442 edixerat
605 387 640 440 ut
667 398 700 440 se
722 397 778 459 per
799 385 917 458 septem
945 375 1013 438 dies
1037 397 1094 440 er·
1157 378 1161 385 '

137 473 308 545 pectarent
322 483 400 526 neve
422 484 547 526 manum
571 483 644 524 curn
665 461 753 524 hoste
778 461 860 542 prius
882 472 1091 539 consererent,

137 548 228 628 qulun
243 547 309 629 ipse
324 548 450 610 veniens
465 549 534 610 Deo
548 545 733 608 sacrificium
749 545 875 608 faceret.

179 631 238 694 Die
261 632 402 713 septime,
424 653 519 712 quum
541 630 667 694 Samuel
689 640 868 706 moraretur,
896 639 929 690 et
954 630 1092 711 populus

136 733 232 776 morae
247 727 397 798 pertaesus
410 716 608 791 dilaberetur,
624 714 698 776 Saiil
714 714 789 796 ‘ipse
814 713 1000 791 sacrificium
1015 713 1091 778 fecit

137 796 209 862 loeo
225 800 404 862 sacerdotis.

180 882 240 944 Vix
268 895 395 964 peracto
431 882 592 958 sacrificio,
628 882 713 944 veuit
748 881 885 956 Samuel,
921 901 1089 964 regemque

136 967 270 1048 graviter
292 967 497 1048 reprehendit,
519 967 737 1051 qubdxmunus
765 965 922 1047 proprium
946 967 1091 1028 sacerdo·

138 1059 203 1112 tum
217 1049 275 1113 sibi
290 1061 405 1114 temere
421 1050 634 1132 arrogavisset.

577 1173 647 1230 109.

180 1270 253 1334 Sa'ul
278 1283 396 1352 postea,
408 1270 538 1355 jubente
553 1270 633 1348 Dee,
647 1269 765 1334 bellum
779 1270 961 1334 Amalecitis
975 1272 1089 1338 intulit.

177 1354 279 1418 Primb
293 1376 359 1420 rem
373 1355 575 1437 benegessit.
619 1355 701 1419 Caesi
723 1365 794 1416 sunt
808 1355 922 1433 hostes,
937 1365 970 1419 et
984 1377 1090 1422 eorum

136 1459 190 1502 rex
204 1449 314 1520 captus
329 1450 386 1502 est.
851 1499 860 1506 .

180 1521 244 1584 Sed
267 1523 381 1586 deinde
406 1522 480 1586 Sai'rl
504 1522 607 1586 Deum
621 1522 756 1606 graviter
780 1521 930 1586 offendit:
950 1533 1090 1589 vetuerat

135 1605 221 1669 Deus
244 1627 284 1669 ne
308 1607 383 1688 quid
400 1627 439 1670 ex
466 1607 572 1690 spoliis
593 1606 726 1670 hostium
758 1617 983 1688 reservaretur3
1013 1607 1089 1673 Saiil

134 1690 217 1766 verb,
233 1691 416 1772 Amaleeitis
430 1691 529 1767 caesir,
544 1701 664 1774 partem
679 1691 794 1773 praedae
811 1691 951 1754 servavit.

178 1773 284 1842 Quam
305 1776 347 1836 ob
370 1795 493 1837 causam
513 1775 646 1858 rejectus
661 1786 709 1837 est
722 1795 741 1836 a
755 1774 833 1846 Deo,
848 1784 881 1838 et
901 1775 933 1837 in
955 1775 1021 1860 ejus
1043 1775 1089 1840 lo-

134 1877 208 1920 cum
231 1857 341 1934 David,
356 1859 458 1920 adhuc
477 1858 607 1941 juvenis,
629 1879 647 1922 e
670 1858 752 1922 tribu
773 1857 874 1934 Judae,
889 1859 1009 1924 electus
1030 1872 1087 1938 est,

134 1951 168 2006 et
183 1961 202 2004 a
217 1941 362 2005 Samuele
377 1952 499 2006 unctus
957 1981 959 1985 ·

510 2101 514 2106 -
577 2072 648 2142 110.

178 2171 329 2233 Secutum
349 2183 397 2233 est
429 2170 547 2234 bellum
575 2191 648 2234 eum
679 2169 868 2234 Philistaeis:
899 2191 994 2253 quum
1015 2172 1086 2236 duae

134 2254 219 2318 acies
234 2255 265 2316 in
280 2265 452 2337 conspectu
474 2265 587 2331 essent,
611 2254 785 2317 Philistaeus
808 2255 943 2334 quidam,
961 2257 1087 2321 nomine

134 2338 307 2416 Goliathus‚
322 2340 366 2402 vir
390 2339 476 2402 mirae
501 2337 731 2422 magnitudinis,
746 2358 924 2420 progressus
946 2350 1087 2403 estante

133 2423 266 2500 ordines,
294 2434 327 2486 et
358 2445 452 2486 unum
483 2445 523 2486 ex
552 2423 695 2486 Hebraeis
727 2443 812 2505 saepe
835 2423 1025 2504 provocabat
1047 2425 1087 2488 ad

28 2528 32 2550 ¹
134 2509 289 2592 singulare
305 2520 474 2572 certamen.
985 2516 987 2522 '

175 2593 289 2656 Lorica
316 2593 476 2675 squamata
507 2591 711 2654 induebatur:
747 2611 855 2654 ocreas
885 2590 917 2654 iu
947 2591 1087 2654 eruribus

133 2697 230 2738 aereas
252 2676 410 2758 habebat,
442 2676 538 2740 cassis
560 2697 642 2738 aerea
656 2687 751 2757 caput
772 2676 839 2758 ejus
860 2675 1031 2756 operiebat,
1054 2685 1087 2740 et

133 2759 262 2842 clypeus
277 2783 375 2823 aereus
390 2763 520 2844 tegebat
534 2761 687 2822 humeros.

176 2844 257 2906 Tum
282 2845 355 2912 Saiil
371 2843 644 2928 magna'praemia‚
666 2843 728 2904 imo
749 2851 782 2904 et
804 2841 875 2903 filiae
898 2841 1033 2924 nuptias,
1055 2844 1086 2908 ei

133 2928 271 3010 promisit
286 2929 337 3008 qui
353 2929 548 3010 provocantis
562 2927 663 3010 spolia
676 2924 840 2990 retulisset.

176 3011 219 3075 At
241 3033 333 3074 nemo
347 3025 454 3074 contra
478 3011 564 3074 illum
586 3011 668 3072 exire
691 3009 843 3089 audebat3
866 3021 898 3074 et
921 3009 1088 3074 Goliathus

133 3115 219 3240 {uarlp
242 3095 385 3159 Hebraeis
406 3096 562 3180 ignaviam
575 3115 648 3158 cum
672 3094 760 3157 irrisu
775 3115 812 3157 ae
828 3093 961 3158 ludibrio
976 3116 1085 3178 expro-

157 3199 190 3241 ra
213 3191 254 3242 at.

583 3289 653 3346 111.

5 3379 6 3440 l
75 3377 79 3382 ι
160 3401 285 3482 David,
313 3416 486 3468 commotus
508 3405 677 3489 ignominid
698 3403 806 3489 populi
839 3403 896 3484 sui,
918 3423 952 3468 se
973 3409 1086 3486 sponte

45 3495 47 3498 ’
134 3485 174 3550 ed
188 3490 388 3572 pugnandum
402 3490 525 3554 obtulit.
