2492 4038
569 249 619 318 at

162 427 258 491 Esaiis
272 404 377 510 itaque
392 428 549 512 profectus
562 439 611 494 est
624 439 779 494 venatum.
872 411 874 415 ¹

160 613 312 678 Rebecca
333 615 472 679 audierat
492 535 634 679 Isaac2u9m
655 615 854 697 loquentem:
875 614 997 680 vocavit
1016 613 1069 679 Ja-

119 699 242 775 bobum,
267 710 300 762 et
325 699 442 776 afferto
467 700 576 780 inquit,
594 699 669 762 mihi
691 701 769 768 duos
790 697 897 762 haedos
925 699 1068 782 opimos:

6 853 8 856 ¹
118 783 284 844 conficiam
298 783 500 864 pulmentum,
515 804 577 864 quo
591 794 679 866 pater
693 793 763 846 tuus
777 781 866 845 valde
880 783 1069 862 delectatum

118 885 257 946 appones
271 867 300 930 ei
315 866 430 942 cibum,
444 876 477 930 et
491 867 572 931 bene
587 867 763 950 precabitur
777 865 845 928 tibi.
863 868 864 872 ’

159 948 295 1012 lacobus
316 951 473 1032 respondit
485 973 493 1012 ε
514 971 575 1035 ego
589 972 652 1014 non
668 951 767 1014 ausim
780 948 813 1012 id
827 948 940 1026 facere,
953 959 1067 1014 mater:

117 1033 214 1098 Esaiis
241 1043 289 1095 est
317 1033 456 1115 pilosus;
484 1055 546 1117 ego
574 1055 641 1097 aum
669 1034 765 1098 lenis:
794 1033 820 1095 si
841 1043 928 1116 pater
948 1054 999 1097 me
1021 1043 1067 1096 at-

117 1116 303 1194 trectaverit,
329 1118 527 1181 succensebit
549 1118 624 1182 mihi
635 1143 645 1198 3
666 1118 711 1181 ita
731 1116 904 1200 indignatio
926 1117 1020 1199 petris
1034 1127 1067 1182 et

115 1200 263 1264 damnum
276 1200 351 1264 mihi
366 1201 510 1266 evenient
523 1222 580 1285 pro
594 1201 661 1287 ejus
675 1199 903 1265 benevolentiis

156 1402 309 1465 Rebecca
322 1401 450 1465 institit:
471 1421 512 1466 ne
528 1401 647 1479 timeae,
661 1403 770 1484 inquit,
785 1401 829 1464 fili
843 1401 896 1464 mi.
942 1401 976 1464 Si
991 1402 1065 1482 quid

115 1486 233 1549 adversi
247 1486 320 1549 inde
335 1495 489 1567 sequatur,
503 1486 536 1548 id
550 1495 650 1549 totum
671 1507 758 1550 sumo
769 1484 871 1550 mihi:
892 1495 926 1548 tu
939 1485 1011 1550 verb
1025 1506 1065 1549 ne

114 1571 238 1632 dubites
253 1568 356 1632 facere
372 1569 455 1650 quod
472 1569 567 1632 ‘ussus
582 1589 626 1632 es.

157 1654 267 1734 Itaque
286 1652 424 1716 lacobus
449 1591 525 1715 altit
546 1663 579 1716 ct
603 1653 707 1716 attulit
726 1653 816 1715 matri
838 1651 916 1716 duos
937 1652 1066 1733 heed0s3
1103 1680 1106 1686 ·

115 1737 169 1800 illa
196 1736 314 1818 paravit
345 1735 411 1798 seni
432 1735 539 1799 eibum
571 1755 664 1818 quem
692 1745 820 1800 noverat
850 1755 976 1800 suavem
996 1758 1064 1801 csse

137 1821 220 1884 alato
234 1820 311 1882 e'us.
573 1823 581 1841 '

115 1841 279 1972 pDeintle
315 1903 415 1968 induit
446 1902 601 1967 Jacobum
627 1903 764 1968 vestibus
791 1903 915 1968 fratris:
949 1905 1066 1989 aptavit

115 1987 229 2071 pellem
242 1986 324 2050 haedi
338 1988 481 2050 manibus
494 1987 561 2071 ejus
574 1999 607 2052 et
618 1988 711 2052 collo.

157 2073 249 2148 Tum,
265 2072 325 2147 adi,
341 2071 449 2154 inquit,
471 2082 591 2154 patrem
612 2084 708 2150 tuum,
734 2082 766 2137 et
789 2071 867 2137 offer
888 2069 933 2138 illi
960 2092 1065 2138 escam

115 2177 208 2237 quam
222 2156 351 2238 appetit.

156 2344 292 2408 lacobus
306 2343 410 2424 attulit
424 2345 503 2427 patri
518 2366 575 2408 suo
589 2363 694 2410 escam
708 2355 848 2428 paratam
861 2365 880 2408 a
893 2355 1002 2408 matre.

156 2429 214 2490 Cui
228 2429 354 2492 Isaacus
368 2429 463 2492 dixit:
485 2431 626 2512 quisnam
644 2451 678 2493 es
700 2429 758 2493 tu?
780 2429 916 2494 lacobus
938 2449 1065 2511 respon·

113 2513 177 2576 dit:
198 2533 259 2596 ego
281 2535 348 2576 sum
366 2514 462 2576 Esaiis
477 2514 699 2598 primogenitus
713 2524 808 2592 tuus3
829 2513 891 2578 feci
906 2514 989 2595 quod
1000 2513 1064 2598 jus·
1119 2577 1121 2580 ,

113 2596 188 2674 sisti,
203 2606 291 2676 pater
299 2621 308 2675 3
330 2618 420 2680 surge
435 2609 467 2661 et
481 2599 611 2661 comede
625 2599 665 2662 dc
680 2597 842 2660 venatione
857 2597 936 2660 med.

156 2679 335 2756 Quomodo,
360 2681 403 2742 eit
425 2682 564 2756 Isaacus‚¹
585 2681 712 2762 potuisti
733 2680 870 2743 invenire
892 2690 956 2743 tarn
977 2679 1062 2743 citb?

112 2761 230 2838 Inveni,
245 2773 353 2844 pater:
373 2764 459 2828 Deus
474 2765 517 2826 ita
531 2763 637 2826 voluit.

155 2847 282 2908 Isaacus
295 2869 432 2912 rursum:
454 2859 542 2910 tu-ne
557 2867 591 2909 es
605 2847 702 2914 Esatts
716 2845 938 2931 primogenitus
951 2847 1063 2929 meus?
1117 2844 1125 2904 j

112 2930 229 2993 accede
244 2931 368 3014 propilia
382 2941 594 2995 utattrectem
608 2941 666 3002 te„
1037 2993 1046 3014 Ι,

154 3012 212 3076 Ille
227 3015 360 3077 accessit
377 3017 417 3078 ad
439 3025 567 3097 patrem,
590 3015 643 3097 qui
664 3013 760 3079 dixit:
781 3034 841 3077 vox
869 3014 995 3096 quidem
1016 3023 1065 3080 est
1139 3087 1141 3093 y

111 3096 234 3174 Jacobr,
249 3098 304 3162 sed
318 3119 428 3162 manus
443 3109 515 3162 sunt
529 3097 612 3162 Esai.

153 3283 281 3348 Isaacus
295 3285 487 3367 amplexatus
511 3284 665 3349 Jacobum
685 3286 862 3372 anteposuit
882 3308 953 3352 eum
968 3281 1061 3363 fratri,

111 3377 145 3452 et
159 3368 265 3430 tribuit
279 3369 323 3432 illi
338 3370 441 3432 omnia
456 3368 540 3432 bona
554 3370 762 3452 primogeniti.

155 3451 228 3512 Non
252 3453 349 3516 multb
374 3454 443 3534 pbst
472 3454 685 3517 Esairsrediit
706 3456 920 3532 arcuatione,
942 3462 975 3518 et
994 3451 1061 3538 ipse

107 3534 225 3597 'obtulit
239 3536 317 3618 patri
332 3538 525 3620 pulmentum
539 3537 623 3620 quod
636 3548 807 3620 paraverat.
