2472 4038
622 259 691 334 tta

171 439 374 504 conscendisse
388 453 503 526 tergum
525 441 594 524 equi
621 439 773 517 felicioris;
795 438 908 505 volbsse
928 439 1017 525 potius
1037 441 1124 528 quim-

172 523 345 602 ambulbsse,
367 545 425 587 nec
449 539 509 586 tam
532 525 620 608 longo
640 525 741 586 itinere
755 545 885 608 unquam
905 525 1023 589 sensisse
1045 529 1115 590 lassi·

172 605 302 668 tudinem
327 629 384 670 nec
412 608 472 691 pilo
496 607 604 670 sacttun
628 609 667 670 ob
691 608 819 669 laborem
834 609 1010 675 macriorem.
1051 609 1115 672 Haec
1188 687 1189 690 Ἴ

170 707 240 749 cum
264 690 304 751 illi
329 692 536 773 persuasissem
561 712 626 752 esse
650 711 728 766 vera,
751 691 854 754 tacitus
869 713 970 753 secum
989 692 1116 774 cogitabat
1156 713 1159 720 ’

171 789 282 854 equum
296 773 378 835 illum
393 775 479 836 alium
504 794 568 835 esse
594 773 682 857 quim
707 774 849 836 hactenus
863 775 1018 870 suspicacis
1041 788 1114 836 esset.

171 850 274 936 Itaque
289 856 456 958 priusquam
470 857 590 931 abirem,
604 857 724 940 rogabat
737 879 808 918 num
831 859 903 920 mihi
926 857 1030 919 venalis
1050 871 1116 919 esset
1188 905 1189 932 q

171 955 284 1018 equus3
298 940 392 1021 primo
413 940 565 1021 negabam,
587 940 665 1023 qubd
680 941 704 1002 si
725 940 865 1004 incideret
878 941 933 1002 iter
947 939 1048 1014 denne,
1067 961 1117 1000 non
1188 937 1189 978 l

172 1017 257 1082 facile
272 1021 332 1083 fore
346 1022 475 1084 nancisci
489 1022 612 1086 similem
625 1046 635 1102 ;
656 1037 783 1086 attamen
796 1025 868 1086 nihil
893 1045 959 1086 esse
982 1023 1048 1084 mibi
1066 1035 1117 1083 tam

170 1122 281 1179 catum,
307 1105 385 1188 quod
407 1125 466 1166 non
489 1119 567 1168 esset
589 1109 693 1170 venale
712 1107 804 1188 pretio
818 1109 917 1191 largo;
938 1105 1044 1169 etiunsi
1063 1105 1118 1189 quis

171 1205 220 1247 me
234 1187 243 1247 i
266 1209 341 1264 sum,
355 1188 484 1272 inquam,
498 1204 620 1272 cuperet
634 1205 754 1252 emnam.

250 1317 257 1331 .
281 1270 310 1332 N
314 1293 336 1333 aa
351 1285 384 1333 tu
398 1271 523 1354 pulchre
538 1273 711 1335 Cretensem
726 1274 832 1356 agebas
847 1295 918 1336 cum
932 1271 1069 1335 Cretensi.

214 1351 255 1414 P.
279 1353 363 1428 Quid
377 1356 496 1418 multis?
521 1378 581 1418 non
595 1357 710 1418 dimittit
723 1379 782 1433 me,
797 1357 851 1419 nisi
865 1355 1047 1442 pronunciata
1060 1353 1119 1438 equi

174 1435 340 1500 indicatura.
399 1438 529 1501 Iudicavi
556 1461 615 1502 uon
644 1439 732 1524 paulb
759 1441 849 1522 pluris
877 1440 968 1524 quim
995 1443 1117 1500 emeram.

174 1518 330 1616 Digressus
344 1522 380 1583 ab
400 1523 527 1598 bomine,
541 1545 612 1584 mox
634 1525 759 1586 suborno
773 1523 822 1606 qui
843 1525 916 1586 mihi
936 1535 1044 1606 partem
1062 1532 1119 1602 agat

173 1603 262 1685 hujus
286 1604 398 1681 fabulae,
413 1605 534 1688 pulchre
549 1607 718 1668 instructum
732 1621 818 1690 atque
839 1608 987 1668 edoctum.
1037 1602 1064 1664 Is
1082 1603 1120 1663 in·

174 1707 289 1767 gressus
304 1688 424 1749 domum
446 1689 581 1750 inclamat
595 1690 771 1764 locatorem
793 1689 832 1750 ait
846 1691 901 1752 sdri
919 1709 991 1770 opus
1005 1706 1064 1748 esse
1083 1705 1119 1744 ιιι-

173 1768 246 1848 signi
256 1789 343 1850 equo,
358 1783 387 1830 et
400 1771 505 1830 laboris
520 1771 635 1852 egregie
650 1771 777 1852 patienti.
822 1773 909 1834 Alter
921 1769 1043 1832 ostendit
1056 1765 1120 1828 mul·

169 1863 227 1925 tos,
242 1864 273 1911 et
287 1851 446 1944 pessimum
458 1873 605 1935 quemque
621 1853 751 1914 maxime
765 1856 925 1936 praedicat:
947 1853 1038 1915 solum
1051 1851 1120 1911 illum

50 1929 66 2010 '¹
173 1953 262 2014 quem
287 1933 356 1994 mihi
379 1934 550 1996 vendiderat
575 1936 711 2018 quoniam
736 1937 923 2000 existimabat
953 1933 1020 1997 vere
1044 1933 1120 1994 talem

173 2016 289 2098 qualem
312 2016 537 2099 predicaveram
559 2039 621 2084 nora
642 2019 749 2082 laudat.
802 2022 843 2082 At
865 2023 941 2083 alter
964 2019 1028 2080 ilico
1050 2024 1120 2096 rogat

171 2121 243 2162 num
266 2113 296 2162 et
318 2101 365 2162 ille
388 2101 498 2164 venalis
522 2115 616 2182 esset3
639 2119 707 2164 nam
722 2103 934 2187 descripseram
952 2099 1121 2164 illisormam

78 2213 83 2226 ·
171 2184 249 2268 equi,
265 2184 406 2246 stlocum
430 2184 596 2247 indicbram.
641 2185 771 2248 locator
794 2187 921 2269 primum
945 2185 1120 2252 obticescere,

172 2280 258 2352 atque
272 2267 343 2330 alios
358 2267 508 2330 ambitiose
523 2269 687 2351 predicare.
733 2269 814 2331 Cum
829 2270 894 2347 iste,
906 2267 1013 2332 caeteris
1027 2280 1120 2327 utcun-

171 2373 229 2435 que
251 2351 386 2434 probatis,
409 2372 527 2434 semper
549 2366 647 2434 ageret
667 2351 704 2414 de
726 2375 785 2414 uno
799 2354 866 2430 ill0;
891 2353 1009 2416 tandem
1023 2349 1120 2410 locator

171 2436 251 2531 apud
265 2455 308 2512 se,
323 2433 411 2518 plane
423 2434 524 2504 fefellit
538 2457 586 2496 me
596 2435 739 2519 judicium
754 2435 790 2501 de
805 2436 855 2498 illo
869 2457 963 2520 equo:
989 2429 1119 2524 siquidem

170 2519 219 2590 luc
233 2519 401 2601 peregrinus
414 2519 508 2584 statim
524 2519 639 2602 agnovit
653 2520 731 2582 hunc
745 2519 818 2582 inter
832 2541 943 2583 omnes.
988 2517 1063 2580 Cum
1082 2531 1120 2572 rn-

169 2613 264 2662 staret·
279 2601 337 2676 ille,
349 2603 481 2684 ⁴nudem,
501 2602 548 2666 bic
573 2603 682 2664 venalis
705 2616 758 2678 est,
773 2605 874 2686 inquit,
890 2606 943 2667 sed
959 2599 1049 2686 pretio
1069 2593 1119 2656 sor·

79 2695 81 2700 '
168 2695 245 2744 tasse
261 2682 458 2746 deterreberis.
479 2681 484 2689 ’
503 2685 573 2746 Νοιι
597 2701 649 2761 εει,
663 2687 756 2768 inquit
770 2687 827 2762 ille,
841 2707 980 2770 magnum
994 2679 1117 2774 pretium,

168 2765 262 2828 si'rei
287 2765 410 2845 dignitas
434 2768 617 2848 respondeat.
676 2769 784 2830 Indica.
818 2771 961 2833 Indicavit
985 2767 1118 2846 aliquanto

47 2833 49 2858 i
92 2871 95 2878 ·
168 2849 267 2932 pluris,
280 2849 367 2931 qufbm
382 2849 539 2912 indicdram
551 2850 614 2934 ipsi,
626 2865 745 2934 captans
756 2867 785 2914 et
799 2854 855 2919 hoc
866 2855 947 2916 lucri.
991 2845 1117 2912 Tandem

167 2931 303 2995 convenit
326 2933 363 2994 de
385 2935 497 3016 pretio:
521 2935 605 2996 datur
619 2935 704 2996 arrha
715 2935 781 2998 satis
795 2959 910 3022 magna,
926 2953 1029 3017 nempe
1042 2944 1117 3026 lega·

168 3017 202 3079 lis
223 3017 338 3092 aureus,
361 3037 399 3078 ne
425 3039 483 3100 qua
506 3018 632 3100 suspicio
656 3019 796 3083 incideret
821 3022 959 3084 simulate
984 3026 1114 3078 emtionis.

58 3175 62 3186 ι
135 3177 140 3190 Ι
167 3099 274 3163 Ειιιιοι
294 3099 378 3184 jubet
402 3121 479 3184 equo
494 3101 555 3162 dari
577 3103 738 3184 pabulum;
759 3125 791 3164 se
815 3125 886 3166 mox
902 3105 940 3168 ait
958 3097 1114 3165 rediturum,

167 3199 197 3247 et
216 3185 425 3260 abducturum
456 3184 505 3246 dat
528 3185 613 3246 etiam
639 3187 793 3248 stabulario
816 3187 993 3250 drachmam.
1045 3175 1114 3256 EgOr

47 3291 61 3335 ι
166 3268 252 3330 simul
267 3279 354 3350 atque
370 3267 492 3351 cognovi
511 3267 678 3350 pactionem
692 3291 757 3332 esse
771 3266 893 3346 firmam,
904 3272 945 3334 sic
959 3281 990 3330 ut
1002 3252 1115 3326 rescindi

148 3365 225 3412 'non
250 3365 357 3434 posset,
373 3372 469 3414 rursus
490 3351 586 3412 ocreis
605 3363 635 3412 et
649 3352 808 3414 calcaribus
832 3369 956 3416 armabis
976 3334 1113 3436 redeonad

93 3455 96 3462 ¹
166 3434 326 3494 locatorem
335 3455 344 3509 ;
369 3429 490 3496 anbelus
506 3433 612 3496 clamo.
655 3435 752 3497 Adest
766 3435 833 3515 ille;
847 3431 1009 3520 rogatquid
1023 3425 1110 3488 velim.

165 3512 238 3574 llice
259 3514 376 3595 inquam
391 3517 547 3578 edometur
561 3537 652 3598 equus
669 3539 763 3594 meus,
778 3541 846 3582 nam
865 3516 1016 3600 evestigio
1034 3501 1112 3612 prqfi·

165 3594 335 3655 ciscendum
349 3611 394 3658 est
406 3599 445 3659 ob
459 3619 523 3660 rem
536 3597 665 3660 maxime
687 3600 799 3663 seriarn.
851 3603 944 3687 Atqui
964 3596 1057 3668 mod⁰‚
1074 3607 1121 3648 ¹¹¹'·

82 3713 84 3720 -
167 3673 236 3756 quit,
247 3675 406 3740 mandabas
414 3679 446 3740 'ut
456 3679 563 3762 aliquot
574 3681 636 3744 dies
649 3681 758 3746 alerem
769 3691 878 3768 equum
890 3699 972 3750 tuum
981 3706 990 3746 ε
999 3677 1111 3743 Verum,
