2492 4038
602 309 652 380 ut

190 477 343 563 Josephus
370 504 425 547 eos
449 485 620 552 clementer
641 488 794 565 salutavit,
819 466 1095 573 interrogavitque:

148 563 372 712 pppppsappupsp
385 589 479 632 senex
497 569 550 633 ille
564 590 657 651 quern
678 593 731 634 vos
745 583 863 655 patrem
877 573 1020 658 hebetis?
1042 577 1096 640 Vi-

168 732 256 826 ‚Q
283 736 525 817 respondenmt3
556 738 657 802 salvus
678 747 726 802 est
746 748 969 822 paternoster,
992 741 1094 805 adhuc

130 825 231 877 ‘vrvrt
524 833 534 846 ·

189 898 341 981 Josephus
370 913 483 978 autem,
511 904 662 986 conjectis
684 903 716 966 in
738 905 952 990 Benjaminum
984 908 1092 984 oculis,

144 981 243 1044 dixit:
265 984 322 1046 iste
344 995 392 1046 est
406 985 498 1048 frater
511 998 610 1050 vester
633 989 787 1066 minimus,
802 991 854 1071 qui
868 992 951 1068 domi
974 1013 1093 1054 reman-

144 1077 227 1128 serat
240 1067 323 1148 apud
337 1070 480 1149 patrem?

186 1149 226 1212 Et
246 1171 366 1214 rursus:
387 1152 472 1216 Deus
494 1153 533 1216 sit
555 1154 611 1218 tibi
632 1155 790 1237 propitius,
813 1157 856 1220 fili
877 1158 940 1237 mi;
961 1169 994 1222 et
1015 1158 1092 1221 abiit
1116 1149 1118 1166 '

143 1231 300 1310 festinam,
329 1235 401 1316 quia
435 1248 607 1300 commotus
637 1250 703 1302 eret
740 1241 853 1318 anirno,
885 1253 918 1304 et
946 1242 1090 1324 lacrymae

143 1318 356 1398 erumpebant.

106 1487 111 1500 s
147 1565 150 1576 ,
181 1502 334 1586 Josephus
349 1505 412 1569 tota
432 1505 512 1570 facie
534 1529 690 1592 regressus
711 1509 864 1574 continuit
885 1531 929 1588 se,
952 1521 986 1574 et
999 1509 1090 1594 jussit

140 1589 255 1670 apponi
270 1590 368 1652 cibos.

103 1739 108 1750 Ι
181 1673 264 1736 Tum
278 1674 432 1739 distribuit
445 1697 550 1739 eseam
563 1675 730 1757 unicuique
742 1676 868 1739 fratrum
882 1697 1018 1739 suorum:
1033 1677 1087 1739 sed

139 1779 209 1840 pars
231 1757 401 1840 Benjamini
416 1769 483 1822 erat
496 1759 658 1840 quintuplo
672 1760 769 1841 major
782 1760 874 1840 quim
894 1770 1086 1822 caeterorum.

180 1841 312 1904 Peracto
325 1843 477 1919 convivio,
501 1842 654 1924 Josephus
677 1844 731 1905 dat
754 1832 915 1925 negotium
929 1843 1087 1924 dispense-

138 1926 206 2002 tori,
217 1935 252 1988 ut
265 1946 374 1989 saccos
388 1947 495 1990 eorum
509 1925 637 2008 impleat
648 1926 810 2002 frumento,
821 1926 986 2008 pecuniam
997 1927 1086 1988 simul

137 2019 275 2092 reponat,
289 2019 322 2072 et
336 2010 461 2092 insuper
474 2009 626 2093 scyphum
646 2030 734 2074 suum
749 2020 931 2093 argenteum
945 2009 978 2072 in
992 2031 1085 2074 saeco

136 2093 308 2178 Benjamini
323 2095 482 2158 recondat.
933 2129 937 2134 ·
1030 2095 1035 2106 '

177 2177 235 2241 Ille
250 2178 325 2242 feeit
338 2178 504 2263 diligenter
518 2178 601 2260 quod
612 2178 713 2262 jussus
728 2177 836 2240 fuerat.

587 2283 648 2342 65:

56 2423 58 2426 -
177 2381 298 2444 Fratres
332 2381 460 2464 Josephi
489 2403 556 2444 sese
585 2381 617 2444 in
645 2381 725 2444 viam
758 2379 918 2458 dederant,
949 2380 1083 2443 necdum

136 2466 245 2548 procul
261 2466 300 2529 ab
315 2464 392 2528 urbe
408 2465 547 2530 aberant.

177 2550 268 2612 Tunc
295 2549 448 2630 Josephus
471 2549 593 2612 vocavit
613 2549 855 2631 dispensatorem
879 2547 987 2610 domus
1008 2569 1094 2623 sure„

134 2632 226 2712 eique
240 2632 336 2694 dixit:
358 2653 542 2712 persequere
564 2632 653 2708 vitoe,
677 2641 710 2694 et
733 2651 828 2713 quum
851 2651 906 2693 eos
925 2641 1082 2693 assecutus

135 2715 237 2792 merie,
265 2715 325 2841 illis
346 2715 462 2778 dicito:
497 2735 591 2797 quare
614 2715 755 2799 injuriam
776 2736 833 2798 pro
853 2714 1007 2778 beneficio
1034 2735 1082 2776 re-

158 2798 303 2861 endistis.

136 2820 157 2881 p
178 2882 379 2964 Subripuistis
393 2881 543 2965 scyphum
557 2891 748 2966 argenteum,
762 2903 826 2964 quo
839 2881 981 2946 dominus
995 2901 1082 2943 meus

135 2965 250 3028 utitur:
271 2965 409 3048 improbe
425 2965 550 3029 fecistis.
1182 3037 1185 3046 Ι

186 3049 387 3131 Dispensator
420 3050 567 3113 mandata
600 3049 728 3133 Josephi
763 3049 918 3131 perfecit3
953 3047 993 3110 ad
1029 3068 1083 3110 eos

113 3127 298 3196 'confestim
327 3133 500 3219 advolavit3
528 3132 642 3196 furtum
664 3133 876 3216 exprobravit3
910 3132 955 3196 rei
982 3131 1083 3215 indig·
1129 3183 1132 3189 .

135 3217 264 3280 nitatem
277 3217 430 3300 exposuit.

177 3413 299 3477 Fratres
333 3411 461 3496 Josephi
492 3319 716 3496 respririderunt
745 3412 969 3493 dispensatori:
1003 3409 1084 3472 istud

1 3527 2 3561 i
28 3554 30 3560 .
135 3497 262 3561 sceleris
288 3498 379 3580 longe
394 3519 414 3560 a
427 3497 517 3561 nobis
539 3496 674 3560 alienum
694 3506 761 3574 ert:
782 3515 848 3572 nos,
869 3506 905 3558 ut
926 3505 991 3557 tute
1012 3493 1084 3570 scis,

136 3580 294 3646 retulimus
308 3581 390 3644 bone
404 3583 465 3644 fide
480 3580 646 3662 pecuniam
660 3589 812 3661 repertam
826 3579 857 3642 in
872 3578 995 3641 saccis:
