2472 4038
620 263 667 334 77

447 544 523 600 LEO
553 545 603 600 ΕΤ
620 447 849 602 &souma

211 634 284 699 Mus
305 655 324 697 a
345 633 437 697 leone
459 621 567 716 captus
581 634 768 716 deprecatur
781 634 876 696 vitam
897 653 1003 696 suam:
1023 633 1119 718 grali-

168 740 264 802 asque
285 718 433 782 maxirnas
447 739 480 780 se
495 719 525 780 ei
546 715 723 780 habiturum
742 717 918 800 pollicetur.
963 717 1039 794 Leo,
1060 718 1119 782 etsi

168 813 350 879 commotus,
365 802 484 885 ignovit
498 811 601 865 tamen
614 800 766 877 musculo,
781 811 815 864 et
832 799 921 863 illum
940 800 1120 867 inviolatum

168 888 293 950 dimisit.

210 971 306 1034 Pauld
321 972 400 1052 post,
414 969 567 1032 incautiirs
589 966 912 1062 praedarnvestigaus,
934 967 966 1030 in
992 965 1120 1049 laqueos

168 1055 288 1131 incidit,
303 1054 415 1136 quibus
438 1053 581 1116 astrictus
603 1052 738 1134 rugitmn
749 1069 925 1114 ‹maxrmum
940 1051 1059 1114 edidit:
1079 1053 1120 1116 ad

168 1159 260 1220 quem
275 1158 457 1220 procurrens
471 1135 639 1210 musculus,
650 1155 841 1215 cernensque
853 1133 885 1195 in
895 1135 1118 1214 vinculiseum,

167 1222 221 1303 qui
236 1221 295 1283 sibi
316 1242 415 1302 nuper
435 1220 529 1283 vitam
554 1218 672 1302 petenti
694 1217 907 1294 concessisset,
932 1221 1057 1282 accedit
1077 1221 1119 1284 ad

167 1305 306 1450 {aqueos
328 1305 448 1386 illisque
472 1303 612 1380 corrosis,
637 1303 708 1366 crim
730 1302 853 1366 leonem
873 1301 957 1364 omni
978 1303 1119 1386 periculo

181 1389 379 1451 iberavisset·

209 1435 567 1552 uror‚rnq1’n‚rumn0
587 1469 798 1551 eram,utqur
822 1468 944 1532 aunum
965 1469 1060 1534 alicui
1074 1469 1118 1534 vr-

165 1555 271 1618 oissim
288 1555 476 1618 beneficium
489 1564 635 1636 praestare
649 1573 792 1634 possem3
811 1573 897 1618 nunc
911 1553 994 1618 scias
1015 1553 1118 1632 velim,

166 1659 258 1721 posse
276 1647 310 1702 et
322 1658 442 1702 murem
455 1638 588 1718 gratiam
601 1636 725 1702 referre.

615 1801 668 1863 39.

431 1905 580 1962 MULIER
603 1907 654 1964 ΕΤ
671 1909 853 1968 GALLINA.
951 1961 959 1976 ,

211 1999 329 2064 Mulier
343 2001 489 2083 quiedam
505 2001 642 2066 habebat
656 2003 819 2087 gallinam,
835 2028 908 2089 quai
930 2009 959 2072 ei
976 2007 1118 2091 quotidie

169 2106 264 2150 ovum
280 2085 420 2168 pariebat
434 2105 575 2149 aureum.
620 2087 706 2152 Hinc
726 2092 879 2174 suspicari
900 2093 1009 2176 coepit,
1030 2094 1117 2158 illam

168 2170 236 2234 auri
251 2191 386 2234 massam
410 2171 495 2234 intus
518 2172 631 2248 celare,
647 2183 681 2236 et
702 2175 854 2260 gallinam
881 2179 1007 2240 occidit.
1053 2179 1118 2242 Sed

167 2255 245 2318 nihil
261 2255 293 2318 in
308 2257 346 2318 eal
358 2256 483 2338 reperit,
498 2257 558 2318 nisi
582 2258 667 2337 quod
691 2261 723 2321 in
751 2259 821 2322 aliis
840 2261 964 2344 gallinis
989 2263 1117 2345 reperiri

167 2339 256 2402 solet.
302 2340 413 2420 Itaque
437 2341 513 2404 dum
528 2341 697 2426 majoribus
720 2343 837 2408 divitiis
853 2345 1005 2424 inhiabat,
1022 2347 1117 2411 etiam

132 2432 137 2438 '
167 2424 303 2487 minores
319 2425 466 2506 perdidit.
855 2443 862 2460 ·

614 2597 666 2658 lo.

372 2659 375 2670 ⁴
407 2703 634 2760 mnnunnus
653 2703 703 2759 nu
722 2707 881 2764 cnnvos.

209 2802 386 2867 Hinnuleus
402 2805 563 2886 quondam
579 2817 699 2889 patrem
715 2829 806 2871 suum
823 2810 871 2872 his
895 2810 996 2875 verbis
1019 2812 1116 2875 inter·

166 2897 290 2972 rogasse
305 2890 435 2952 dicitur:
465 2891 511 2952 Mi
528 2902 627 2971 pater,
644 2913 742 2972 quum
761 2895 862 2958 multo
886 2896 927 2958 sis
951 2896 1049 2979 major
1063 2915 1116 2957 ca-

165 2975 259 3057 nibus
274 2983 307 3036 et
331 2984 395 3036 tam
421 2976 518 3036 ardue
544 2995 665 3038 cornua
688 2976 814 3053 habeas,
831 2981 944 3060 quibus
960 3001 979 3042 a
995 2991 1026 3042 te
1053 2979 1115 3039 vim

51 3063 59 3070 '
165 3057 348 3139 propulsare
364 3059 474 3140 possis,
490 3058 544 3140 qui
559 3059 604 3134 lit,
621 3071 657 3122 ut
680 3081 776 3124 canes
789 3073 955 3146 tantopere
969 3063 1115 3124 metuas?

165 3142 213 3206 Ibi
227 3161 336 3206 cervus
351 3143 466 3220 ridens,
479 3144 525 3206 Mi
539 3153 622 3220 nate,
636 3144 746 3234 inquit,
759 3168 833 3211 vera
842 3166 997 3212 memoras
1009 3167 1017 3220 ;
1039 3143 1116 3208 mihi

163 3237 282 3303 temen,
298 3228 405 3289 nescio
419 3249 482 3308 quo
498 3239 602 3309 pacto,
618 3249 742 3311 semper
754 3233 879 3308 accidit,
892 3243 927 3294 ut
941 3228 1050 3292 audita
1063 3249 1115 3296 ca·

162 3333 244 3376 num
255 3331 344 3386 voce,
362 3311 394 3373 in
411 3312 519 3396 fugam
535 3314 641 3376 statim
657 3326 834 3378 convertar.

206 3397 287 3460 Haec
304 3391 412 3460 fabula
426 3397 532 3473 docet,
548 3394 662 3465 naturai
683 3399 901 3465 formidolosos
923 3396 1019 3464 nullis
1041 3400 1114 3466 reti·

162 3481 275 3547 onibus
292 3481 388 3546 fortes
403 3481 493 3628 tepidi
509 3490 612 3565 posse.

1220 2919 1222 2958 r

1219 2993 1222 3056 l

1219 3149 1221 3225 l

1217 3245 1220 3284 l
