<?xml version="1.0" encoding="UTF-8"?>
<!DOCTYPE html PUBLIC "-//W3C//DTD XHTML 1.0 Transitional//EN"
    "http://www.w3.org/TR/xhtml1/DTD/xhtml1-transitional.dtd">
<html xmlns="http://www.w3.org/1999/xhtml" xml:lang="en" lang="en">
 <head>
  <title>
</title>
<meta http-equiv="Content-Type" content="text/html;charset=utf-8" />
  <meta name='ocr-system' content='tesseract 3.04.00' />
  <meta name='ocr-capabilities' content='ocr_page ocr_carea ocr_par ocr_line ocrx_word'/>
</head>
<body>
  <div class='ocr_page' id='page_1' title='image "./liberprimus01danagoog_0107.png"; bbox 0 0 2472 4038; ppageno 0'>
   <div class='ocr_carea' id='block_1_1' title="bbox 557 214 673 314">
    <p class='ocr_par' dir='ltr' id='par_1_1' title="bbox 557 214 673 314">
     <span class='ocr_line' id='line_1_1' title="bbox 557 214 673 314; baseline 0 0"><span class='ocrx_word' id='word_1_1' title='bbox 557 214 673 314; x_wconf 80' lang='grc' dir='ltr'>ιιι</span> 
     </span>
    </p>
   </div>
   <div class='ocr_carea' id='block_1_2' title="bbox 114 422 1070 1010">
    <p class='ocr_par' dir='ltr' id='par_1_2' title="bbox 114 422 1068 572">
     <span class='ocr_line' id='line_1_2' title="bbox 114 422 1068 571; baseline 0 -83"><span class='ocrx_word' id='word_1_2' title='bbox 114 424 255 571; x_wconf 56' lang='lat' dir='ltr'>pponam</span> <span class='ocrx_word' id='word_1_3' title='bbox 245 424 430 501; x_wconf 86' lang='lat' dir='ltr'>coelestium,</span> <span class='ocrx_word' id='word_1_4' title='bbox 444 423 634 510; x_wconf 85' lang='lat' dir='ltr'>dignumque</span> <span class='ocrx_word' id='word_1_5' title='bbox 653 423 750 488; x_wconf 88' lang='lat' dir='ltr'>efficit</span> <span class='ocrx_word' id='word_1_6' title='bbox 763 422 817 506; x_wconf 92' lang='lat' dir='ltr'>qui</span> <span class='ocrx_word' id='word_1_7' title='bbox 831 422 864 486; x_wconf 91' lang='lat' dir='ltr'>in</span> <span class='ocrx_word' id='word_1_8' title='bbox 878 422 1068 488; x_wconf 77' lang='lat' dir='ltr'><strong>consortium</strong></span> 
     </span>
     <span class='ocr_line' id='line_1_3' title="bbox 146 509 413 572; baseline 0 -2"><span class='ocrx_word' id='word_1_9' title='bbox 146 529 175 570; x_wconf 81' lang='lat' dir='ltr'>er</span> <span class='ocrx_word' id='word_1_10' title='bbox 188 509 303 572; x_wconf 89' lang='lat' dir='ltr'>veniat.</span> <span class='ocrx_word' id='word_1_11' title='bbox 410 563 413 570; x_wconf 47' lang='lat'>.</span> 
     </span>
    </p>

    <p class='ocr_par' dir='ltr' id='par_1_3' title="bbox 114 589 1068 841">
     <span class='ocr_line' id='line_1_4' title="bbox 158 589 1068 684; baseline -0.002 -30"><span class='ocrx_word' id='word_1_12' title='bbox 158 592 193 654; x_wconf 85' lang='lat' dir='ltr'>Si</span> <span class='ocrx_word' id='word_1_13' title='bbox 207 593 248 654; x_wconf 86' lang='lat' dir='ltr'>ad</span> <span class='ocrx_word' id='word_1_14' title='bbox 261 591 339 656; x_wconf 88' lang='lat' dir='ltr'>alias</span> <span class='ocrx_word' id='word_1_15' title='bbox 359 589 487 654; x_wconf 86' lang='lat' dir='ltr'>virtutes</span> <span class='ocrx_word' id='word_1_16' title='bbox 512 591 605 654; x_wconf 82' lang='lat' dir='ltr'>anirni</span> <span class='ocrx_word' id='word_1_17' title='bbox 627 589 784 654; x_wconf 88' lang='lat' dir='ltr'>literarum</span> <span class='ocrx_word' id='word_1_18' title='bbox 816 589 868 654; x_wconf 81' lang='lat' dir='ltr'>lun</span> <span class='ocrx_word' id='word_1_19' title='bbox 890 590 1068 684; x_wconf 79' lang='lat' dir='ltr'>accesserit,</span> 
     </span>
     <span class='ocr_line' id='line_1_5' title="bbox 114 673 1070 772; baseline -0.004 -34"><span class='ocrx_word' id='word_1_20' title='bbox 114 685 181 738; x_wconf 89' lang='lat' dir='ltr'>tum</span> <span class='ocrx_word' id='word_1_21' title='bbox 194 677 320 772; x_wconf 79' lang='lat' dir='ltr'>demum</span> <span class='ocrx_word' id='word_1_22' title='bbox 345 685 592 738; x_wconf 87' lang='lat' dir='ltr'>consummatum</span> <span class='ocrx_word' id='word_1_23' title='bbox 613 674 769 756; x_wconf 87' lang='lat' dir='ltr'>quiddam,</span> <span class='ocrx_word' id='word_1_24' title='bbox 784 683 817 736; x_wconf 90' lang='lat' dir='ltr'>et</span> <span class='ocrx_word' id='word_1_25' title='bbox 837 673 1052 754; x_wconf 86' lang='lat' dir='ltr'>perlectum&#39;</span> <span class='ocrx_word' id='word_1_26' title='bbox 1024 693 1070 766; x_wconf 82' lang='grc' dir='ltr'>ιι-</span> 
     </span>
     <span class='ocr_line' id='line_1_6' title="bbox 114 757 955 852; baseline -0.004 -30"><span class='ocrx_word' id='word_1_27' title='bbox 114 759 271 836; x_wconf 89' lang='lat' dir='ltr'>demus,</span> <span class='ocrx_word' id='word_1_28' title='bbox 248 781 273 823; x_wconf 79' lang='grc' dir='ltr'>ιι</span> <span class='ocrx_word' id='word_1_29' title='bbox 288 760 321 822; x_wconf 93' lang='lat' dir='ltr'>in</span> <span class='ocrx_word' id='word_1_30' title='bbox 335 759 427 822; x_wconf 86' lang='lat' dir='ltr'>rebus</span> <span class='ocrx_word' id='word_1_31' title='bbox 441 757 581 821; x_wconf 89' lang='lat' dir='ltr'>humanis</span> <span class='ocrx_word' id='word_1_32' title='bbox 595 768 779 853; x_wconf 89' lang='lat' dir='ltr'>potestesse</span> <span class='ocrx_word' id='word_1_33' title='bbox 793 757 955 852; x_wconf 78' lang='lat' dir='ltr'><strong>perfectio.</strong></span> 
     </span>
    </p>

    <p class='ocr_par' dir='ltr' id='par_1_4' title="bbox 115 839 1069 1010">
     <span class='ocr_line' id='line_1_7' title="bbox 159 839 1069 924; baseline -0.004 -18"><span class='ocrx_word' id='word_1_34' title='bbox 159 842 250 906; x_wconf 89' lang='lat' dir='ltr'>Aude</span> <span class='ocrx_word' id='word_1_35' title='bbox 272 843 391 906; x_wconf 89' lang='lat' dir='ltr'>virtutis</span> <span class='ocrx_word' id='word_1_36' title='bbox 412 841 646 924; x_wconf 86' lang='lat' dir='ltr'>amplitudinem</span> <span class='ocrx_word' id='word_1_37' title='bbox 673 841 760 922; x_wconf 84' lang='lat' dir='ltr'>quasi</span> <span class='ocrx_word' id='word_1_38' title='bbox 792 839 824 902; x_wconf 94' lang='lat' dir='ltr'>in</span> <span class='ocrx_word' id='word_1_39' title='bbox 856 839 952 902; x_wconf 86' lang='lat' dir='ltr'>altera</span> <span class='ocrx_word' id='word_1_40' title='bbox 980 839 1069 903; x_wconf 87' lang='lat' dir='ltr'>librae</span> 
     </span>
     <span class='ocr_line' id='line_1_8' title="bbox 115 923 963 1010; baseline -0.001 -23"><span class='ocrx_word' id='word_1_41' title='bbox 115 923 207 992; x_wconf 91' lang='lat' dir='ltr'>lance</span> <span class='ocrx_word' id='word_1_42' title='bbox 221 947 356 1010; x_wconf 90' lang='lat' dir='ltr'>ponere:</span> <span class='ocrx_word' id='word_1_43' title='bbox 378 935 490 989; x_wconf 86' lang='lat' dir='ltr'>terram</span> <span class='ocrx_word' id='word_1_44' title='bbox 503 946 543 988; x_wconf 87' lang='lat' dir='ltr'>ea</span> <span class='ocrx_word' id='word_1_45' title='bbox 557 924 628 988; x_wconf 90' lang='lat' dir='ltr'>lanx</span> <span class='ocrx_word' id='word_1_46' title='bbox 643 935 676 988; x_wconf 91' lang='lat' dir='ltr'>et</span> <span class='ocrx_word' id='word_1_47' title='bbox 689 924 786 988; x_wconf 88' lang='lat' dir='ltr'>maria</span> <span class='ocrx_word' id='word_1_48' title='bbox 799 923 963 1007; x_wconf 84' lang='lat' dir='ltr'>deprimet</span> 
     </span>
    </p>
   </div>
   <div class='ocr_carea' id='block_1_3' title="bbox 393 1072 813 1143">
    <p class='ocr_par' dir='ltr' id='par_1_5' title="bbox 393 1072 813 1143">
     <span class='ocr_line' id='line_1_9' title="bbox 393 1072 813 1143; baseline 0.007 -11"><span class='ocrx_word' id='word_1_49' title='bbox 393 1072 397 1080; x_wconf 69' lang='grc'><em>’</em></span> <span class='ocrx_word' id='word_1_50' title='bbox 487 1079 700 1143; x_wconf 81' lang='lat' dir='ltr'>VOLUPTAS.</span> <span class='ocrx_word' id='word_1_51' title='bbox 809 1101 813 1108; x_wconf 91' lang='lat'>·</span> 
     </span>
    </p>
   </div>
   <div class='ocr_carea' id='block_1_4' title="bbox 116 1181 1071 2107">
    <p class='ocr_par' dir='ltr' id='par_1_6' title="bbox 116 1181 1069 1352">
     <span class='ocr_line' id='line_1_10' title="bbox 157 1181 1069 1286; baseline -0.005 -38"><span class='ocrx_word' id='word_1_52' title='bbox 157 1182 242 1248; x_wconf 83' lang='lat' dir='ltr'><strong>Fluit</strong></span> <span class='ocrx_word' id='word_1_53' title='bbox 262 1183 413 1266; x_wconf 83' lang='lat' dir='ltr'>voluptas,</span> <span class='ocrx_word' id='word_1_54' title='bbox 427 1183 601 1286; x_wconf 82' lang='lat' dir='ltr'>saepiusque</span> <span class='ocrx_word' id='word_1_55' title='bbox 615 1181 762 1266; x_wconf 85' lang='lat' dir='ltr'>relinquit</span> <span class='ocrx_word' id='word_1_56' title='bbox 773 1203 884 1246; x_wconf 88' lang='lat' dir='ltr'>causas</span> <span class='ocrx_word' id='word_1_57' title='bbox 898 1182 1069 1266; x_wconf 87' lang='lat' dir='ltr'>poenitcndi</span> 
     </span>
     <span class='ocr_line' id='line_1_11' title="bbox 116 1267 416 1352; baseline -0.003 -21"><span class='ocrx_word' id='word_1_58' title='bbox 116 1268 208 1352; x_wconf 76' lang='lat' dir='ltr'>quim</span> <span class='ocrx_word' id='word_1_59' title='bbox 222 1267 416 1332; x_wconf 89' lang='lat' dir='ltr'>recordandi.</span> 
     </span>
    </p>

    <p class='ocr_par' dir='ltr' id='par_1_7' title="bbox 116 1349 1071 1498">
     <span class='ocr_line' id='line_1_12' title="bbox 159 1349 1071 1434; baseline -0.001 -20"><span class='ocrx_word' id='word_1_60' title='bbox 159 1350 256 1415; x_wconf 93' lang='lat' dir='ltr'>Nulla</span> <span class='ocrx_word' id='word_1_61' title='bbox 269 1351 434 1433; x_wconf 80' lang='lat' dir='ltr'>capitalior</span> <span class='ocrx_word' id='word_1_62' title='bbox 454 1352 549 1434; x_wconf 87' lang='lat' dir='ltr'>pestis</span> <span class='ocrx_word' id='word_1_63' title='bbox 574 1352 666 1433; x_wconf 74' lang='lat' dir='ltr'>quim</span> <span class='ocrx_word' id='word_1_64' title='bbox 687 1351 829 1433; x_wconf 87' lang='lat' dir='ltr'>voluptas</span> <span class='ocrx_word' id='word_1_65' title='bbox 852 1349 1028 1414; x_wconf 89' lang='lat' dir='ltr'>hominibus</span> <span class='ocrx_word' id='word_1_66' title='bbox 1050 1370 1071 1413; x_wconf 90' lang='lat' dir='ltr'>a</span> 
     </span>
     <span class='ocr_line' id='line_1_13' title="bbox 116 1434 384 1498; baseline 0 0"><span class='ocrx_word' id='word_1_67' title='bbox 116 1435 226 1498; x_wconf 89' lang='lat' dir='ltr'>natura</span> <span class='ocrx_word' id='word_1_68' title='bbox 239 1434 313 1498; x_wconf 90' lang='lat' dir='ltr'>data</span> <span class='ocrx_word' id='word_1_69' title='bbox 326 1445 384 1498; x_wconf 89' lang='lat' dir='ltr'>est.</span> 
     </span>
    </p>

    <p class='ocr_par' dir='ltr' id='par_1_8' title="bbox 160 1518 897 1613">
     <span class='ocr_line' id='line_1_14' title="bbox 160 1518 897 1613; baseline -0.003 -31"><span class='ocrx_word' id='word_1_70' title='bbox 160 1519 250 1582; x_wconf 89' lang='lat' dir='ltr'>Plato</span> <span class='ocrx_word' id='word_1_71' title='bbox 263 1518 455 1601; x_wconf 89' lang='lat' dir='ltr'>voluptatem</span> <span class='ocrx_word' id='word_1_72' title='bbox 468 1538 573 1580; x_wconf 89' lang='lat' dir='ltr'>eseam</span> <span class='ocrx_word' id='word_1_73' title='bbox 586 1518 736 1582; x_wconf 88' lang='lat' dir='ltr'>malorum</span> <span class='ocrx_word' id='word_1_74' title='bbox 750 1518 897 1613; x_wconf 79' lang='lat' dir='ltr'>appellat.</span> 
     </span>
    </p>

    <p class='ocr_par' dir='ltr' id='par_1_9' title="bbox 159 1601 1006 1686">
     <span class='ocr_line' id='line_1_15' title="bbox 159 1601 1006 1686; baseline -0.002 -20"><span class='ocrx_word' id='word_1_75' title='bbox 159 1603 311 1684; x_wconf 79' lang='lat' dir='ltr'>Voluptas</span> <span class='ocrx_word' id='word_1_76' title='bbox 326 1613 401 1678; x_wconf 86' lang='lat' dir='ltr'>turn,</span> <span class='ocrx_word' id='word_1_77' title='bbox 415 1602 485 1664; x_wconf 80' lang='lat' dir='ltr'>clun</span> <span class='ocrx_word' id='word_1_78' title='bbox 499 1602 630 1664; x_wconf 76' lang='lat' dir='ltr'>maxime</span> <span class='ocrx_word' id='word_1_79' title='bbox 645 1602 792 1680; x_wconf 89' lang='lat' dir='ltr'>delectat,</span> <span class='ocrx_word' id='word_1_80' title='bbox 807 1601 1006 1686; x_wconf 82' lang='lat' dir='ltr'>extinguitur.</span> 
     </span>
    </p>

    <p class='ocr_par' dir='ltr' id='par_1_10' title="bbox 116 1685 1070 1932">
     <span class='ocr_line' id='line_1_16' title="bbox 159 1685 1070 1782; baseline 0 -34"><span class='ocrx_word' id='word_1_81' title='bbox 159 1685 342 1782; x_wconf 77' lang='lat' dir='ltr'>Voluptates</span> <span class='ocrx_word' id='word_1_82' title='bbox 356 1685 602 1767; x_wconf 87' lang='lat' dir='ltr'>contemplemur</span> <span class='ocrx_word' id='word_1_83' title='bbox 615 1706 678 1748; x_wconf 95' lang='lat' dir='ltr'>non</span> <span class='ocrx_word' id='word_1_84' title='bbox 692 1687 860 1782; x_wconf 71' lang='lat' dir='ltr'>uenientes,</span> <span class='ocrx_word' id='word_1_85' title='bbox 874 1686 930 1749; x_wconf 89' lang='lat' dir='ltr'>sed</span> <span class='ocrx_word' id='word_1_86' title='bbox 953 1686 1070 1748; x_wconf 88' lang='lat' dir='ltr'>abeun-</span> 
     </span>
     <span class='ocr_line' id='line_1_17' title="bbox 116 1767 1070 1852; baseline -0.001 -19"><span class='ocrx_word' id='word_1_87' title='bbox 116 1780 184 1833; x_wconf 85' lang='lat' dir='ltr'>tes.</span> <span class='ocrx_word' id='word_1_88' title='bbox 205 1769 365 1832; x_wconf 85' lang='lat' dir='ltr'>venientes</span> <span class='ocrx_word' id='word_1_89' title='bbox 389 1768 473 1832; x_wconf 90' lang='lat' dir='ltr'>enim</span> <span class='ocrx_word' id='word_1_90' title='bbox 497 1767 601 1830; x_wconf 85' lang='lat' dir='ltr'>fucata</span> <span class='ocrx_word' id='word_1_91' title='bbox 624 1768 729 1852; x_wconf 86' lang='lat' dir='ltr'>specie</span> <span class='ocrx_word' id='word_1_92' title='bbox 754 1768 1070 1850; x_wconf 82' lang='lat' dir='ltr'>blandiuntu13abe·</span> 
     </span>
     <span class='ocr_line' id='line_1_18' title="bbox 117 1851 563 1932; baseline -0.005 -16"><span class='ocrx_word' id='word_1_93' title='bbox 117 1863 208 1916; x_wconf 87' lang='lat' dir='ltr'>untes</span> <span class='ocrx_word' id='word_1_94' title='bbox 221 1851 361 1915; x_wconf 89' lang='lat' dir='ltr'>dolorem</span> <span class='ocrx_word' id='word_1_95' title='bbox 375 1851 563 1932; x_wconf 87' lang='lat' dir='ltr'>relinquunt.</span> 
     </span>
    </p>

    <p class='ocr_par' dir='ltr' id='par_1_11' title="bbox 116 1933 1070 2107">
     <span class='ocr_line' id='line_1_19' title="bbox 159 1933 1070 2040; baseline 0 -41"><span class='ocrx_word' id='word_1_96' title='bbox 159 1933 282 2000; x_wconf 87' lang='lat' dir='ltr'>Attalus</span> <span class='ocrx_word' id='word_1_97' title='bbox 304 1935 429 2040; x_wconf 73' lang='lat' dir='ltr'>Stoicus</span> <span class='ocrx_word' id='word_1_98' title='bbox 451 1935 556 2000; x_wconf 88' lang='lat' dir='ltr'>dicere</span> <span class='ocrx_word' id='word_1_99' title='bbox 578 1936 710 2015; x_wconf 80' lang='lat' dir='ltr'>solebat,</span> <span class='ocrx_word' id='word_1_100' title='bbox 733 1935 823 2001; x_wconf 85' lang='lat' dir='ltr'>Molo</span> <span class='ocrx_word' id='word_1_101' title='bbox 842 1937 1070 2022; x_wconf 67' lang='lat' dir='ltr'>casertanum</span> 
     </span>
     <span class='ocr_line' id='line_1_20' title="bbox 116 2017 692 2107; baseline 0 -23"><span class='ocrx_word' id='word_1_102' title='bbox 116 2019 215 2084; x_wconf 74' lang='lat' dir='ltr'>matn&#39;a</span> <span class='ocrx_word' id='word_1_103' title='bbox 228 2019 296 2097; x_wconf 68' lang='grc' dir='ltr'>ιιιζι,</span> <span class='ocrx_word' id='word_1_104' title='bbox 311 2021 397 2107; x_wconf 72' lang='lat' dir='ltr'>quim</span> <span class='ocrx_word' id='word_1_105' title='bbox 411 2019 443 2083; x_wconf 80' lang='lat' dir='ltr'>in</span> <span class='ocrx_word' id='word_1_106' title='bbox 457 2017 566 2084; x_wconf 82' lang='lat' dir='ltr'>deliciis</span> <span class='ocrx_word' id='word_1_107' title='bbox 579 2020 692 2085; x_wconf 77' lang='lat' dir='ltr'>habeat.</span> 
     </span>
    </p>
   </div>
   <div class='ocr_carea' id='block_1_5' title="bbox 117 2188 1107 2946">
    <p class='ocr_par' dir='ltr' id='par_1_12' title="bbox 117 2188 1070 2439">
     <span class='ocr_line' id='line_1_21' title="bbox 159 2188 1070 2271; baseline -0.003 -17"><span class='ocrx_word' id='word_1_108' title='bbox 159 2189 287 2254; x_wconf 90' lang='lat' dir='ltr'>Nemo</span> <span class='ocrx_word' id='word_1_109' title='bbox 280 2209 377 2271; x_wconf 87' lang='lat' dir='ltr'>rpsarn</span> <span class='ocrx_word' id='word_1_110' title='bbox 391 2188 592 2271; x_wconf 88' lang='lat' dir='ltr'>voluptatem,</span> <span class='ocrx_word' id='word_1_111' title='bbox 607 2189 680 2271; x_wconf 89' lang='lat' dir='ltr'>quia</span> <span class='ocrx_word' id='word_1_112' title='bbox 700 2189 841 2271; x_wconf 88' lang='lat' dir='ltr'>voluptas</span> <span class='ocrx_word' id='word_1_113' title='bbox 859 2189 908 2267; x_wconf 89' lang='lat' dir='ltr'>sit,</span> <span class='ocrx_word' id='word_1_114' title='bbox 924 2207 1070 2271; x_wconf 82' lang='lat' dir='ltr'>asperna-</span> 
     </span>
     <span class='ocr_line' id='line_1_22' title="bbox 117 2273 1070 2368; baseline -0.002 -31"><span class='ocrx_word' id='word_1_115' title='bbox 117 2284 177 2352; x_wconf 87' lang='lat' dir='ltr'>tur,</span> <span class='ocrx_word' id='word_1_116' title='bbox 191 2284 245 2338; x_wconf 91' lang='lat' dir='ltr'>aut</span> <span class='ocrx_word' id='word_1_117' title='bbox 258 2274 334 2350; x_wconf 91' lang='lat' dir='ltr'>odit,</span> <span class='ocrx_word' id='word_1_118' title='bbox 348 2283 403 2335; x_wconf 90' lang='lat' dir='ltr'>aut</span> <span class='ocrx_word' id='word_1_119' title='bbox 417 2273 518 2356; x_wconf 86' lang='lat' dir='ltr'>sugit;</span> <span class='ocrx_word' id='word_1_120' title='bbox 538 2275 595 2338; x_wconf 90' lang='lat' dir='ltr'>sed</span> <span class='ocrx_word' id='word_1_121' title='bbox 618 2273 691 2355; x_wconf 90' lang='lat' dir='ltr'>quia</span> <span class='ocrx_word' id='word_1_122' title='bbox 712 2283 940 2368; x_wconf 83' lang='lat' dir='ltr'>consequantur</span> <span class='ocrx_word' id='word_1_123' title='bbox 962 2273 1070 2368; x_wconf 86' lang='lat' dir='ltr'>magni</span> 
     </span>
     <span class='ocr_line' id='line_1_23' title="bbox 117 2356 1069 2453; baseline -0.002 -31"><span class='ocrx_word' id='word_1_124' title='bbox 117 2357 240 2422; x_wconf 87' lang='lat' dir='ltr'>dolores</span> <span class='ocrx_word' id='word_1_125' title='bbox 251 2379 305 2421; x_wconf 90' lang='lat' dir='ltr'>eos</span> <span class='ocrx_word' id='word_1_126' title='bbox 306 2356 379 2439; x_wconf 92' lang='lat' dir='ltr'>‚qui</span> <span class='ocrx_word' id='word_1_127' title='bbox 393 2378 467 2420; x_wconf 91' lang='lat' dir='ltr'>cum</span> <span class='ocrx_word' id='word_1_128' title='bbox 480 2358 598 2422; x_wconf 89' lang='lat' dir='ltr'>ratione</span> <span class='ocrx_word' id='word_1_129' title='bbox 609 2357 799 2439; x_wconf 90' lang='lat' dir='ltr'>voluptatem</span> <span class='ocrx_word' id='word_1_130' title='bbox 812 2357 900 2453; x_wconf 77' lang='lat' dir='ltr'>sequi</span> <span class='ocrx_word' id='word_1_131' title='bbox 914 2356 1069 2420; x_wconf 87' lang='lat' dir='ltr'>nesciunt.</span> 
     </span>
    </p>

    <p class='ocr_par' dir='ltr' id='par_1_13' title="bbox 119 2439 1107 2607">
     <span class='ocr_line' id='line_1_24' title="bbox 161 2439 1107 2544; baseline -0.001 -39"><span class='ocrx_word' id='word_1_132' title='bbox 161 2441 345 2544; x_wconf 82' lang='lat' dir='ltr'>Voluptates</span> <span class='ocrx_word' id='word_1_133' title='bbox 381 2441 588 2524; x_wconf 85' lang='lat' dir='ltr'>agricolamm</span> <span class='ocrx_word' id='word_1_134' title='bbox 621 2439 697 2504; x_wconf 89' lang='lat' dir='ltr'>mihi</span> <span class='ocrx_word' id='word_1_135' title='bbox 728 2441 768 2504; x_wconf 92' lang='lat' dir='ltr'>ad</span> <span class='ocrx_word' id='word_1_136' title='bbox 803 2439 950 2524; x_wconf 90' lang='lat' dir='ltr'>sapientis</span> <span class='ocrx_word' id='word_1_137' title='bbox 976 2440 1071 2504; x_wconf 89' lang='lat' dir='ltr'>vitam</span> <span class='ocrx_word' id='word_1_138' title='bbox 1102 2477 1107 2483; x_wconf 67' lang='lat'>=</span> 
     </span>
     <span class='ocr_line' id='line_1_25' title="bbox 119 2524 591 2607; baseline 0 -19"><span class='ocrx_word' id='word_1_139' title='bbox 119 2526 257 2607; x_wconf 76' lang='lat' dir='ltr'>proxime</span> <span class='ocrx_word' id='word_1_140' title='bbox 273 2524 425 2588; x_wconf 84' lang='lat' dir='ltr'>accedere</span> <span class='ocrx_word' id='word_1_141' title='bbox 439 2525 591 2588; x_wconf 87' lang='lat' dir='ltr'>videntur.</span> 
     </span>
    </p>

    <p class='ocr_par' dir='ltr' id='par_1_14' title="bbox 119 2607 1072 2774">
     <span class='ocr_line' id='line_1_26' title="bbox 144 2607 1072 2710; baseline 0.002 -42.04"><span class='ocrx_word' id='word_1_142' title='bbox 144 2608 259 2710; x_wconf 81' lang='lat' dir='ltr'>Siqua</span> <span class='ocrx_word' id='word_1_143' title='bbox 273 2619 398 2688; x_wconf 90' lang='lat' dir='ltr'>propter</span> <span class='ocrx_word' id='word_1_144' title='bbox 419 2609 609 2710; x_wconf 77' lang='lat' dir='ltr'>voluptatem</span> <span class='ocrx_word' id='word_1_145' title='bbox 632 2609 773 2690; x_wconf 90' lang='lat' dir='ltr'>nequiter</span> <span class='ocrx_word' id='word_1_146' title='bbox 797 2609 943 2687; x_wconf 88' lang='lat' dir='ltr'>feceritis,</span> <span class='ocrx_word' id='word_1_147' title='bbox 964 2607 1072 2702; x_wconf 91' lang='lat' dir='ltr'>volup·</span> 
     </span>
     <span class='ocr_line' id='line_1_27' title="bbox 119 2690 1071 2774; baseline -0.001 -20"><span class='ocrx_word' id='word_1_148' title='bbox 119 2702 166 2755; x_wconf 87' lang='lat' dir='ltr'>tas</span> <span class='ocrx_word' id='word_1_149' title='bbox 180 2690 243 2752; x_wconf 80' lang='lat' dir='ltr'>cito</span> <span class='ocrx_word' id='word_1_150' title='bbox 258 2690 366 2766; x_wconf 92' lang='lat' dir='ltr'>abibit,</span> <span class='ocrx_word' id='word_1_151' title='bbox 381 2691 521 2770; x_wconf 89' lang='lat' dir='ltr'>nequitia</span> <span class='ocrx_word' id='word_1_152' title='bbox 534 2691 606 2753; x_wconf 78' lang='lat' dir='ltr'>vero</span> <span class='ocrx_word' id='word_1_153' title='bbox 620 2693 704 2772; x_wconf 91' lang='lat' dir='ltr'>apud</span> <span class='ocrx_word' id='word_1_154' title='bbox 718 2713 772 2754; x_wconf 91' lang='lat' dir='ltr'>vos</span> <span class='ocrx_word' id='word_1_155' title='bbox 786 2713 908 2774; x_wconf 88' lang='lat' dir='ltr'>semper</span> <span class='ocrx_word' id='word_1_156' title='bbox 920 2691 1071 2756; x_wconf 91' lang='lat' dir='ltr'>manebit.</span> 
     </span>
    </p>

    <p class='ocr_par' dir='ltr' id='par_1_15' title="bbox 117 2773 1073 2946">
     <span class='ocr_line' id='line_1_28' title="bbox 163 2773 1073 2861; baseline 0 -23"><span class='ocrx_word' id='word_1_157' title='bbox 163 2773 368 2857; x_wconf 87' lang='lat' dir='ltr'>Voluptates&#39;</span> <span class='ocrx_word' id='word_1_158' title='bbox 361 2783 434 2837; x_wconf 79' lang='lat' dir='ltr'>istas</span> <span class='ocrx_word' id='word_1_159' title='bbox 459 2785 589 2851; x_wconf 89' lang='lat' dir='ltr'>sectare,</span> <span class='ocrx_word' id='word_1_160' title='bbox 604 2795 674 2855; x_wconf 82' lang='lat' dir='ltr'>quae</span> <span class='ocrx_word' id='word_1_161' title='bbox 693 2795 765 2838; x_wconf 89' lang='lat' dir='ltr'>eum</span> <span class='ocrx_word' id='word_1_162' title='bbox 787 2775 888 2861; x_wconf 72' lang='lat' dir='ltr'>gloria</span> <span class='ocrx_word' id='word_1_163' title='bbox 909 2786 981 2841; x_wconf 88' lang='lat' dir='ltr'>sunt</span> <span class='ocrx_word' id='word_1_164' title='bbox 998 2795 1073 2840; x_wconf 92' lang='lat' dir='ltr'>con-</span> 
     </span>
     <span class='ocr_line' id='line_1_29' title="bbox 117 2861 247 2946; baseline -0.017 -23"><span class='ocrx_word' id='word_1_165' title='bbox 117 2861 247 2946; x_wconf 84' lang='lat' dir='ltr'>junctae.</span> 
     </span>
    </p>
   </div>
   <div class='ocr_carea' id='block_1_6' title="bbox 520 2999 726 3055">
    <p class='ocr_par' dir='ltr' id='par_1_16' title="bbox 520 2999 726 3055">
     <span class='ocr_line' id='line_1_30' title="bbox 520 2999 726 3055; baseline 0.01 -1"><span class='ocrx_word' id='word_1_166' title='bbox 520 2999 673 3055; x_wconf 82' lang='lat' dir='ltr'>PATRIA.</span> <span class='ocrx_word' id='word_1_167' title='bbox 723 3027 726 3033; x_wconf 91' lang='lat'>·</span> 
     </span>
    </p>
   </div>
   <div class='ocr_carea' id='block_1_7' title="bbox 123 3111 1074 3283">
    <p class='ocr_par' dir='ltr' id='par_1_17' title="bbox 123 3111 1074 3283">
     <span class='ocr_line' id='line_1_31' title="bbox 165 3111 1074 3190; baseline 0 -12"><span class='ocrx_word' id='word_1_168' title='bbox 165 3114 268 3180; x_wconf 86' lang='grc' dir='ltr'>Ριιιίι</span> <span class='ocrx_word' id='word_1_169' title='bbox 290 3111 367 3176; x_wconf 93' lang='lat' dir='ltr'>nihil</span> <span class='ocrx_word' id='word_1_170' title='bbox 391 3111 523 3190; x_wconf 90' lang='lat' dir='ltr'>dulcius,</span> <span class='ocrx_word' id='word_1_171' title='bbox 538 3113 615 3178; x_wconf 93' lang='lat' dir='ltr'>nihil</span> <span class='ocrx_word' id='word_1_172' title='bbox 629 3115 732 3178; x_wconf 88' lang='lat' dir='ltr'>carius</span> <span class='ocrx_word' id='word_1_173' title='bbox 753 3115 786 3178; x_wconf 95' lang='lat' dir='ltr'>in</span> <span class='ocrx_word' id='word_1_174' title='bbox 800 3116 862 3180; x_wconf 83' lang='lat' dir='ltr'>vita</span> <span class='ocrx_word' id='word_1_175' title='bbox 875 3135 944 3179; x_wconf 87' lang='lat' dir='ltr'>esse</span> <span class='ocrx_word' id='word_1_176' title='bbox 958 3114 1074 3182; x_wconf 88' lang='lat' dir='ltr'>debet·</span> 
     </span>
     <span class='ocr_line' id='line_1_32' title="bbox 123 3161 849 3283; baseline 0.001 -21"><span class='ocrx_word' id='word_1_177' title='bbox 123 3199 226 3262; x_wconf 92' lang='lat' dir='ltr'>nullus</span> <span class='ocrx_word' id='word_1_178' title='bbox 241 3199 328 3261; x_wconf 91' lang='lat' dir='ltr'>locus</span> <span class='ocrx_word' id='word_1_179' title='bbox 342 3206 390 3260; x_wconf 89' lang='lat' dir='ltr'>est</span> <span class='ocrx_word' id='word_1_180' title='bbox 403 3161 574 3260; x_wconf 79' lang='lat' dir='ltr'>domeslica</span> <span class='ocrx_word' id='word_1_181' title='bbox 588 3198 661 3262; x_wconf 91' lang='lat' dir='ltr'>sede</span> <span class='ocrx_word' id='word_1_182' title='bbox 673 3199 849 3283; x_wconf 89' lang='lat' dir='ltr'>jucundior.</span> 
     </span>
    </p>
   </div>
   <div class='ocr_carea' id='block_1_8' title="bbox 141 3279 1199 3376">
    <p class='ocr_par' dir='ltr' id='par_1_18' title="bbox 141 3279 1199 3376">
     <span class='ocr_line' id='line_1_33' title="bbox 141 3279 1199 3376; baseline -0.001 -30.977"><span class='ocrx_word' id='word_1_183' title='bbox 141 3283 236 3345; x_wconf 85' lang='lat' dir='ltr'>Cari</span> <span class='ocrx_word' id='word_1_184' title='bbox 264 3291 336 3344; x_wconf 87' lang='lat' dir='ltr'>sunt</span> <span class='ocrx_word' id='word_1_185' title='bbox 362 3279 461 3356; x_wconf 90' lang='lat' dir='ltr'>liberi,</span> <span class='ocrx_word' id='word_1_186' title='bbox 484 3281 658 3376; x_wconf 90' lang='lat' dir='ltr'>propinqui,</span> <span class='ocrx_word' id='word_1_187' title='bbox 681 3283 866 3350; x_wconf 83' lang='lat' dir='ltr'>familiares.</span> <span class='ocrx_word' id='word_1_188' title='bbox 890 3283 945 3364; x_wconf 83' lang='lat' dir='ltr'>sed</span> <span class='ocrx_word' id='word_1_189' title='bbox 966 3300 1085 3345; x_wconf 81' lang='lat' dir='ltr'>onmes</span> <span class='ocrx_word' id='word_1_190' title='bbox 1195 3293 1199 3302; x_wconf 86' lang='grc'><strong><em>·</em></strong></span> 
     </span>
    </p>
   </div>
   <div class='ocr_carea' id='block_1_9' title="bbox 126 3363 1076 3535">
    <p class='ocr_par' dir='ltr' id='par_1_19' title="bbox 126 3363 1076 3535">
     <span class='ocr_line' id='line_1_34' title="bbox 126 3363 777 3461; baseline 0.005 -34"><span class='ocrx_word' id='word_1_191' title='bbox 126 3366 263 3428; x_wconf 89' lang='lat' dir='ltr'>omniurn</span> <span class='ocrx_word' id='word_1_192' title='bbox 277 3363 421 3428; x_wconf 82' lang='lat' dir='ltr'>caritates</span> <span class='ocrx_word' id='word_1_193' title='bbox 435 3364 536 3446; x_wconf 86' lang='lat' dir='ltr'>patria</span> <span class='ocrx_word' id='word_1_194' title='bbox 549 3365 777 3461; x_wconf 79' lang='lat' dir='ltr'>complectitur.</span> 
     </span>
     <span class='ocr_line' id='line_1_35' title="bbox 168 3447 1076 3535; baseline 0.008 -28"><span class='ocrx_word' id='word_1_195' title='bbox 168 3447 283 3508; x_wconf 88' lang='lat' dir='ltr'>Nullus</span> <span class='ocrx_word' id='word_1_196' title='bbox 302 3458 350 3511; x_wconf 88' lang='lat' dir='ltr'>est</span> <span class='ocrx_word' id='word_1_197' title='bbox 371 3469 463 3524; x_wconf 89' lang='lat' dir='ltr'>casus</span> <span class='ocrx_word' id='word_1_198' title='bbox 485 3469 541 3533; x_wconf 83' lang='lat' dir='ltr'>pro</span> <span class='ocrx_word' id='word_1_199' title='bbox 562 3448 715 3533; x_wconf 84' lang='lat' dir='ltr'>dignitate</span> <span class='ocrx_word' id='word_1_200' title='bbox 736 3461 769 3516; x_wconf 89' lang='lat' dir='ltr'>et</span> <span class='ocrx_word' id='word_1_201' title='bbox 790 3450 934 3518; x_wconf 84' lang='lat' dir='ltr'>libertate</span> <span class='ocrx_word' id='word_1_202' title='bbox 966 3449 1076 3535; x_wconf 82' lang='lat' dir='ltr'>patriae</span> 
     </span>
    </p>
   </div>
   <div class='ocr_carea' id='block_1_10' title="bbox 125 3528 355 3600">
    <p class='ocr_par' dir='ltr' id='par_1_20' title="bbox 125 3528 355 3600">
     <span class='ocr_line' id='line_1_36' title="bbox 125 3528 355 3600; baseline 0 -7"><span class='ocrx_word' id='word_1_203' title='bbox 125 3549 188 3593; x_wconf 93' lang='lat' dir='ltr'>non</span> <span class='ocrx_word' id='word_1_204' title='bbox 202 3528 355 3600; x_wconf 83' lang='lat' dir='ltr'>serendus.</span> 
     </span>
    </p>
   </div>
   <div class='ocr_carea' id='block_1_11' title="bbox 0 0 1249 4038">
    <p class='ocr_par' dir='ltr' id='par_1_21' title="bbox 0 0 1249 4038">
     <span class='ocr_line' id='line_1_37' title="bbox 0 0 1249 4038; baseline 0 0"><span class='ocrx_word' id='word_1_205' title='bbox 0 0 1249 4038; x_wconf 95' lang='lat' dir='ltr'> </span> 
     </span>
    </p>
   </div>
  </div>
 </body>
</html>
