2492 4038
578 205 626 276 47

577 389 628 446 73.

29 558 31 564 ,
167 487 311 565 Jacobus,
326 487 484 570 profectus
505 507 578 550 cum
600 485 672 548 filiis
693 493 727 547 et
740 483 916 566 nepotibus,
938 485 1078 568 pervenit

88 573 91 578 “
128 571 157 634 in
170 574 350 656 AEgyptum‚
365 583 398 634 et
413 571 560 653 praemisit
574 569 688 632 Judam
703 568 743 630 ad
757 567 937 651 Josephum,
957 579 992 632 ut
1006 592 1079 654 eum

64 707 67 714 .
129 655 241 719 faceret
256 656 420 718 certiorem
434 656 473 718 de
486 655 619 716 adventu
634 675 701 715 suo.

166 739 338 802 Confestim
365 739 518 820 Josephus
540 738 691 820 processit
719 735 842 798 obviam
873 735 964 818 patri,
986 758 1078 818 quem

127 833 159 968 up
172 823 257 899 vidit,
272 823 305 886 in
327 823 443 886 collum
465 822 532 908 ejus
556 821 672 898 insiliit,
694 831 727 884 et
748 820 826 882 flens
848 820 975 884 flentem
996 842 1081 884 com·

27 936 32 945 ·
158 929 234 970 exus
249 917 306 970 est.
879 944 882 952 ·

23 1041 24 1044 η
94 1011 100 1024 ·
127 927 151 1004 p'
167 992 251 1054 Tum
272 991 429 1054 Jacobus:
461 988 535 1052 satis
567 988 621 1052 diu
641 987 713 1064 vixi,
734 987 843 1067 inquit,
872 1009 956 1050 nuno
988 1009 1082 1070 oequo

126 1075 228 1138 animo
242 1075 362 1150 moriar,
377 1072 524 1155 quoniam
546 1081 718 1154 conspectu
740 1083 794 1133 tuo
818 1071 876 1132 frui
891 1072 966 1134 mihi
982 1071 1080 1150 licuit,

125 1169 157 1222 et
171 1170 203 1222 te
217 1159 293 1220 mihi
308 1157 503 1240 superstitem
518 1155 670 1237 relinquo.

136 1327 138 1338 .
493 1286 497 1292 '
581 1277 631 1333 74.
713 1303 721 1330 ι

34 1371 45 1398 ’
170 1374 325 1456 Josephus
349 1375 425 1436 adiit
447 1374 648 1449 Pharaonem,
669 1373 760 1454 eique
783 1372 942 1436 nunciavit
963 1383 1083 1454 patrem

126 1481 219 1524 suum
234 1458 414 1521 advenisse:
435 1457 594 1520 constituit
617 1457 710 1520 etiam
735 1457 872 1538 quinque
897 1477 916 1518 e
941 1455 1084 1520 fratribus
1164 1483 1175 1492 ·

22 1547 24 1576 i
127 1545 191 1606 suis
206 1563 312 1606 coram
327 1562 412 1624 rege.
504 1553 508 1562 ’

80 1669 84 1678 ·
171 1626 238 1697 Qui
253 1647 307 1690 eos
329 1623 537 1707 interrogavit,
553 1624 700 1704 quidnam
720 1624 824 1706 operi!
845 1623 1017 1688 haberent:
1038 1623 1083 1687 illi

120 1712 354 1794 responderunt
368 1731 400 1771 se
416 1729 483 1772 esse
499 1719 648 1790 pastores.
805 1747 808 1754 ⁴

22 1852 51 1887 r.
172 1797 256 1860 Tum
269 1817 322 1858 rex
335 1794 413 1857 dixit
437 1793 595 1874 Josepho:
618 1791 772 1876 AEgyptus
797 1794 829 1856 in
854 1801 1009 1876 potestate
1031 1793 1085 1855 turi
1165 1815 1168 1820 ·

22 1919 24 1924 ·
130 1890 179 1943 est
186 1903 195 1958 3
210 1900 284 1941 cura
297 1889 332 1942 ut
346 1889 434 1958 pater
448 1877 601 1954 etfratres
612 1875 657 1940 tui
669 1877 701 1938 in
712 1877 830 1959 optimo
842 1877 914 1941 loco
924 1877 1085 1955 habitent3

95 2023 106 2047 ,
129 1974 164 2028 et
178 1961 203 2026 si
217 1963 270 2043 qui
295 1962 357 2024 sint
378 1963 456 2028 inter
478 1983 532 2024 eos
553 1961 624 2024 novi
649 1971 682 2024 et
705 1961 856 2038 industrii,
871 1961 958 2024 trade
971 1962 1018 2025 eis
1031 1982 1086 2024 cu·
1158 2033 1166 2050 1

87 2103 98 2127 ,
129 2068 197 2110 ram
211 2066 361 2130 pecorum
375 2066 523 2116 meorum.

59 2289 62 2294 ·
174 2265 327 2349 Josephus
356 2265 483 2328 adduxit
506 2287 629 2348 quoque
652 2277 772 2349 patrem
796 2281 886 2330 s'uum
909 2265 949 2329 ad
974 2265 1087 2329 Phara-

22 2387 29 2410 .
62 2405 65 2410 ,
126 2371 234 2427 onem,
248 2351 311 2431 qui,
326 2349 475 2413 salutatus
498 2371 518 2412 a
539 2349 672 2426 Jacobo,
688 2361 889 2433 percontatus
915 2359 964 2412 est
985 2349 1026 2410 ab
1048 2369 1088 2411 eo
1159 2361 1163 2370 '

127 2434 194 2518 qud
208 2444 290 2496 esset
304 2433 419 2495 aetate?
1123 2487 1125 2492 .

175 2517 313 2580 Jacobus
327 2516 486 2595 respondit
507 2515 594 2600 regi:
614 2515 675 2578 vixi
698 2527 824 2578 centum
838 2527 871 2580 et
885 2515 1012 2600 triginta
1033 2537 1087 2581 en·

129 2622 199 2678 noa
216 2620 294 2676 ,nec
324 2599 455 2680 adeptus
477 2621 544 2662 sum
580 2609 774 2664 senectutem
809 2602 933 2664 beatam
961 2617 1086 2668 avorum

129 2706 289 2748 meorum:
313 2693 377 2745 tum
394 2683 474 2746 bene
490 2694 635 2766 precatus
649 2683 716 2768 regi
731 2684 873 2748 discessit
884 2685 928 2750 ub
942 2707 991 2748 eo.
1016 2753 1019 2761 ,

141 2789 160 2844 r
175 2767 328 2849 Josephus
350 2777 454 2830 autem
475 2778 593 2850 patrem
610 2777 642 2830 et
657 2767 763 2832 fratres
778 2787 849 2832 suos
863 2769 1031 2832 collocavit
1053 2771 1085 2832 in

132 2851 250 2935 optimi
275 2862 363 2933 parte
393 2849 531 2934 AEgypti,
559 2852 666 2934 eisque
696 2851 834 2916 omnium
864 2875 965 2918 rerum
983 2855 1085 2918 abun·

132 2935 271 3000 dantiam
286 2935 504 3017 suppeditavit.

95 3051 98 3058 ’
586 3057 637 3116 76.
667 3065 670 3072 ’
966 3121 969 3129 ,

94 3237 96 3243 Α
177 3153 315 3218 Jacobus
345 3153 419 3216 vixit
447 3163 568 3236 septem
599 3165 631 3218 et
655 3156 766 3220 decem
797 3149 898 3220 {runos
923 3163 1087 3237 postquam

136 3238 370 3321 commigrdsset
384 3237 416 3299 in
429 3236 611 3321 AEgyptum.
810 3285 812 3288 -
919 3280 923 3288 =

135 3321 241 3470 dixIini
257 3321 352 3394 sensit
365 3332 496 3386 mortem
517 3321 575 3385 sibi
594 3323 761 3401 imminere,
777 3322 926 3388 arcessito
940 3320 1086 3406 Josepho‚

179 3491 213 3554 Si
226 3511 276 3556 rue
288 3511 384 3568 omes,
395 3491 466 3574 jura
480 3503 510 3554 te
525 3490 557 3554 id
571 3490 723 3555 facturum
744 3511 812 3552 esse
835 3491 919 3554 ouod
941 3513 960 3556 a
980 3502 1012 3556 te
1034 3513 1088 3574 pe.-
