2492 4038
633 265 681 336 65

183 445 497 594 pertingdeg'iusuper
516 445 639 510 divitias
660 456 694 509 et
714 415 855 534 gloriam,
870 465 948 527 quas
968 465 1033 508 nou
1057 443 1137 528 petl-

182 541 290 608 erat,a
334 553 343 592 1
366 542 400 592 it.

626 655 697 716 131.

223 773 372 838 Salomon
407 771 557 854 templum
594 772 736 840 immensi
774 772 877 854 operis
911 769 1136 854 Hierosolymae

180 857 367 922 aedificavit:
388 856 493 920 omnia
507 877 592 932 auro,
607 867 747 940 argento,
763 855 958 940 gemmisque
979 855 1065 918 ineo
1079 853 1137 917 ful-

179 944 327 1026 gabant·

222 1027 260 1089 ln
275 1028 335 1089 hoe
351 1027 468 1108 templo
482 1046 556 1087 arca
570 1025 693 1088 foederis
707 1024 864 1087 collocata
877 1033 935 1086 est.
1095 1095 1101 1100 ¹

222 1111 326 1174 Vicini
342 1117 432 1194 reges
446 1110 489 1172 ob
502 1121 620 1172 tantam
643 1108 802 1191 sapientiae
826 1108 940 1171 famam
960 1127 1033 1168 cum
1048 1103 1137 1168 Salo-

179 1216 272 1258 mone
287 1195 456 1257 amicitiam
467 1194 645 1276 junxerunt,
660 1194 821 1274 foedusque
837 1191 988 1254 fecerunt.

135 1302 137 1307 ·
223 1279 348 1362 Regina
370 1279 462 1342 Sabae
485 1278 552 1340 e'us
573 1279 691 1362 visendi
706 1277 822 1360 cupida
844 1275 956 1338 finibus
978 1275 1067 1358 regni
1089 1275 1135 1338 sui

181 1364 324 1439 excessit,
338 1363 482 1444 venitque
531 1361 756 1446 ierosolymam.

224 1447 394 1530 Regnabat
416 1448 563 1510 Salomon
588 1448 620 1509 in
645 1447 762 1509 summa
774 1466 866 1530 pace,
886 1443 998 1528 opibus
1012 1455 1045 1508 et
1058 1442 1136 1507 dcli·
1170 1417 1173 1427 .
1219 1505 1223 1512 ,

180 1530 238 1594 ciis
253 1531 393 1594 affluens.

546 1711 554 1732 ,
622 1657 691 1714 132.

220 1768 333 1840 Postea
348 1776 496 1840 Salomon
517 1772 669 1855 voluptati
684 1793 717 1834 se
740 1770 827 1836 dedit
843 1793 850 1832 :
872 1769 949 1834 nihil
964 1791 1055 1853 porro
1070 1779 1135 1832 tam

168 1861 339 1958 'inimicum
353 1871 400 1924 est
414 1859 517 1922 virtuti
540 1859 634 1940 quam
654 1855 815 1938 voluptas3
837 1855 941 1937 itaque
963 1854 1066 1918 amisit
1086 1875 1135 1916 sa-

178 1956 371 2092 puliliilidies
385 2037 508 2102 exterae,
524 2047 600 2106 quas
615 2023 778 2101 adamavit,
792 2045 865 2088 eum
885 2025 950 2110 jam
970 2044 1077 2086 senem
1094 2023 1134 2085 ad

6 2170 11 2191 ,
60 2143 62 2148 v
141 2166 143 2170 s
179 2112 256 2175 ritus
270 2111 403 2194 gentiles
418 2119 640 2193 pertraxerunt.

221 2197 347 2266 Quibus
362 2195 454 2258 rebus
468 2193 604 2256 offensus
624 2192 711 2256 Deus
726 2213 851 2276 poenam
865 2192 910 2255 illi
924 2191 1133 2270 denunciavit,
1244 2195 1245 2202 ’

178 2281 301 2344 scilicet
316 2281 380 2343 fore
394 2290 429 2342 ut
443 2299 574 2361 regnum
588 2277 703 2362 majore
718 2299 758 2341 ex
775 2287 862 2359 parte
878 2276 942 2340 filio
955 2275 1022 2359 ejus
1037 2277 1134 2340 adim·
1244 2349 1245 2352 Ἴ

178 2375 279 2430 eretur
293 2376 326 2428 et
339 2385 428 2428 servo
443 2363 624 2439 traderetur,
639 2373 733 2444 atque
747 2362 792 2424 ita
806 2362 994 2424 factumest.

531 2508 535 2514 ’
629 2503 699 2562 133.

176 2689 179 2694 ,
224 2623 383 2688 Salomoni
404 2597 584 2685 Roboamus
598 2581 687 2684 ¹filius
716 2622 886 2685 successit:
917 2621 943 2684 is
972 2622 1133 2708 imperium

7 2691 19 2713 ⁸
80 2764 81 2768 ,
179 2709 273 2790 culpa
287 2707 416 2790 patema
426 2707 491 2790 jam
505 2717 617 2770 nutans
631 2705 760 2768 stultitia
774 2706 828 2768 sud
842 2707 962 2770 evertit.

221 2793 369 2856 Salomon
394 2791 511 2873 populo
533 2790 670 2874 vectigal
691 2791 903 2873 gravissimum
924 2791 1133 2874 imposuerat3

178 2879 261 2960 quod
289 2897 367 2974 onus
395 2896 491 2972 quum
512 2875 646 2962 populus
678 2873 809 2938 tolerare
832 2895 895 2938 non
917 2886 1033 2958 posset,
1055 2875 1133 2938 illud

178 2973 322 3044 poposcit
336 2979 488 3022 immmui.
750 3011 756 3016 ,

221 3046 344 3126 Regem
364 3045 534 3106 monebant
556 3064 645 3106 senes
666 3053 701 3106 ut
722 3043 839 3126 populo
861 3043 1062 3117 satisfaceret,
1083 3041 1132 3124 ju·
1243 3035 1245 3118 j

179 3148 272 3192 venes
287 3129 358 3190 vero
372 3126 616 3189 dissuadebant·

220 3213 411 3287 Roboamus,
434 3211 602 3291 aequalium
626 3211 757 3276 consilio
780 3229 863 3289 usus,
878 3208 995 3293 populo
1017 3207 1129 3274 acerbe

176 3295 346 3379 respondit,
360 3294 488 3378 ejusque
503 3294 742 3377 postulationem
755 3296 875 3379 rejecit.
906 3337 909 3343 -

618 3437 687 3494 134.

127 3555 133 3572 '
220 3559 334 3624 Exorta
348 3568 396 3622 est
417 3557 549 3620 seditio:
569 3557 681 3620 decem
702 3555 797 3642 tribus
819 3577 837 3620 a
858 3556 1022 3625 Roboamo
1042 3534 1140 3626 defe
1244 3619 1245 3626 ,

435 3642 489 3702 611·

1241 3629 1245 3775 l
