2492 4038
622 202 665 274 61

168 383 302 480 hostium
322 384 450 461 veniret,
477 383 531 446 uni
562 383 713 448 comitum
743 382 823 446 latus
854 379 1119 446 transfodiendum

170 469 314 634 prllhgii
331 561 463 614 mortem
481 550 618 614 omnium
640 551 847 614 Hebraeorum
861 549 934 632 fuga
948 557 1119 612 consecuta

167 644 223 712 est,
238 646 271 698 et
284 656 324 698 eo
338 635 389 698 die
403 635 532 697 victorii
545 635 658 718 insigni
673 634 765 717 potiti
780 644 851 696 sunt
864 631 1023 696 Philistaei.

615 741 685 800 118.

41 829 44 840 ’
112 854 114 858 “
209 839 321 917 David,
335 839 441 902 audiet
455 837 557 902 Saulis
569 849 678 916 morte,
693 838 724 902 la
812 858 845 900 ns
859 836 1015 919 profudit:
1034 856 1107 898 mon

167 934 215 988 tes
230 923 362 1000 Gelboii,
377 924 432 987 ubi
452 923 558 986 caedes
571 922 626 985 illu
643 922 726 985 factu
769 931 857 998 eret,
871 930 1050 984 exsecratus
1063 929 1120 983 est.

210 1008 313 1084 Illiun,
327 1007 380 1088 qui
405 1029 425 1069 a
449 1028 482 1070 se
506 1007 632 1070 Saiilem
653 1007 794 1068 occisum
814 1025 882 1068 esse
901 1004 1068 1087 jactitabat
1088 1015 1121 1066 et

75 1115 77 1120 ·
168 1093 256 1174 regia
277 1092 412 1174 insignia
433 1091 589 1167 attulerat,
614 1089 722 1172 perimi
744 1089 843 1173 jussit,
858 1089 891 1151 in
911 1107 1036 1171 poenam
1057 1087 1121 1150 vio-

169 1175 243 1238 letae
258 1175 428 1258 majestatis
442 1197 474 1237 re
499 1175 548 1238 iae.

214 1257 342 1320 Civibus
369 1259 453 1321 urbis
474 1196 578 1335 iubes,
593 1259 676 1341 qudd
708 1255 810 1321 Sahlis
838 1256 967 1342 ejusque
988 1255 1122 1320 filiorum

173 1360 305 1421 corpora
319 1341 540 1422 sepelivissent,
554 1343 685 1424 gratiam
698 1341 814 1404 retulit.

216 1423 442 1486 Admirandum
475 1427 547 1487 sane
579 1425 643 1488 veri
674 1445 712 1488 ac
733 1425 845 1488 sinceri
866 1445 943 1508 ergo
963 1423 1123 1487 inimicum

172 1507 286 1571 amoris
300 1507 497 1590 exemplum!
518 1508 522 1520 ’

614 1615 682 1674 119.

213 1708 324 1786 David,
339 1719 503 1792 postquam
525 1710 637 1774 solium
658 1713 851 1789 conscendit,
874 1711 989 1794 duplex
1010 1709 1123 1788 scelus,

174 1802 205 1856 et
219 1794 345 1874 quidem
358 1795 582 1877 gravissimum,
595 1796 761 1859 commisit.

215 1877 381 1940 Adamavit
403 1879 575 1957 mulierem,
599 1880 724 1944 nomine
750 1877 917 1956 Betsnben,
930 1899 1062 1960 eamque
1084 1878 1125 1942 ud

174 1960 327 2044 flagitium
341 1963 502 2046 compulit.

216 2043 358 2108 Mulieris
379 2047 515 2126 mantue,
528 2049 652 2114 nomine
666 2049 768 2126 Urias,
782 2047 828 2110 vir
848 2045 1038 2121 fortissimus,
1060 2055 1126 2108 tum

161 2129 207 2206 ¹in
222 2127 330 2191 castris
344 2139 419 2208 erut,
433 2142 466 2194 et
479 2134 638 2216 egregiam
652 2134 760 2218 patrioe
775 2152 903 2216 opernm
916 2129 1061 2192 navabat.

216 2213 311 2276 vao
326 2213 426 2276 David
440 2216 547 2299 iniquo
562 2237 676 2302 pugnes
692 2218 763 2282 loco
777 2217 917 2280 hostibus
941 2213 1037 2299 objici
1061 2214 1126 2298 jus-

177 2297 225 2374 sit,
235 2306 333 2376 =atque
348 2297 392 2359 ita
405 2301 582 2364 necandum
599 2302 728 2364 curavit.

216 2381 259 2444 At
286 2380 372 2442 Deus
397 2383 437 2442 ad
456 2383 613 2444 Davidem
633 2384 717 2446 misit
749 2385 940 2466 prophetam,
962 2381 1015 2463 qui
1038 2381 1125 2444 ilhnn

175 2465 366 2538 admoneret,
391 2465 484 2542 eique
506 2485 631 2544 poensm
661 2465 786 2529 sceleris
810 2467 1012 2530 denunciaret
1033 2466 1126 2530 sube-

175 2547 304 2610 undam.

307 2629 310 2644 ⁴
622 2637 692 2696 120.

163 2798 165 2806 ,
217 2729 271 2792 Sic
306 2728 460 2792 Davidem
496 2729 649 2794 allocutus
684 2742 732 2794 est
768 2731 944 2813 prophete:
978 2743 1066 2796 erunt
1093 2735 1125 2796 in

175 2813 283 2876 eidem
305 2815 381 2876 urbe
410 2813 474 2876 duo
497 2811 657 2879 homines:
680 2815 758 2880 alter
778 2813 864 2878 dives
884 2815 999 2878 multos
1020 2817 1125 2891 bourn,

175 2917 346 2978 caprarum,
361 2907 456 2978 atque
472 2896 575 2960 ovium
588 2920 701 2982 greges
715 2898 839 2962 alebat:

219 2979 306 3066 Alter
321 2981 392 3043 verd
406 2979 486 3042 nihil
507 2979 643 3045 habebat
668 2992 781 3065 praeter
801 3003 892 3046 ovem
913 3003 1018 3058 unern,
1033 2998 1127 3060 quam

177 3064 245 3146 ipse
260 3074 386 3139 emerat,
400 3074 433 3126 et
447 3063 531 3146 apud
546 3086 578 3126 se
589 3066 755 3148 diligenter
767 3067 933 3131 nutriebat.

71 3152 112 3192 ⁴-
160 3225 168 3232 .
219 3145 314 3210 Venit
338 3147 378 3208 ad
398 3147 556 3210 hominem
570 3149 694 3212 divitem
716 3149 828 3231 hospes
849 3150 997 3232 quidnm3
1018 3165 1127 3227 quum·

176 3251 237 3312 que
252 3229 281 3293 ei
307 3231 477 3312 parendum
498 3242 581 3294 esset
601 3233 785 3309 convivium,
809 3233 896 3300 dives
918 3230 971 3292 ille
986 3231 1128 3312 pepercit
1158 3308 1159 3312 Ἰ

176 3314 238 3377 suis
263 3315 382 3391 ovibus,
407 3324 439 3377 et
461 3315 615 3380 oviculam
635 3317 779 3400 pauperis
800 3318 992 3396 dereptam
1012 3313 1126 3399 hospiti

179 3399 332 3462 edendum
346 3400 501 3482 apposuit.

220 3479 323 3546 Tuum
337 3494 393 3562 est,
408 3501 428 3546 0
443 3506 505 3562 rex,
519 3484 559 3548 de
574 3486 633 3549 hoc
647 3486 731 3549 hcto
743 3483 894 3568 judicare.
