2472 4038
585 213 650 290 tat

138 395 183 460 vir
196 393 307 480 optime
332 394 369 456 de
392 394 539 478 republica
557 396 678 458 meritus
698 395 864 460 ostracismo
885 395 984 480 populi
1000 395 1101 480 jusus

138 493 183 544 est
197 493 309 542 vertere
325 479 425 540 solum.
470 477 664 574 Posteaquam
680 479 859 540 intellexerat
880 481 1019 562 populum
1041 501 1099 542 non

137 563 196 625 aliti
209 585 241 625 re
257 564 406 624 offensum
424 561 510 644 qu'am
526 561 598 644 justi
619 575 822 644 cognomento,
837 563 904 624 clun
919 563 1022 646 alioqui
1037 584 1099 624 rem

136 667 254 728 semper
269 658 405 728 expertus
425 659 500 706 esset
521 644 572 705 sibi
595 645 759 719 salutarem,
774 645 868 726 paruit
887 667 969 728 aequo
992 647 1096 708 anino.

136 727 172 790 In
195 729 284 790 exilio
306 749 339 790 ro
359 742 421 788 atus
442 728 478 788 ab
501 727 611 802 amieis,
627 727 695 810 quid
719 741 885 809 precaretur
906 729 1098 810 ingratissime

137 812 266 890 civitati3
297 809 337 874 N
338 808 388 870 ‘il
416 808 508 886 aliod,
533 810 634 892 inquit,
661 810 720 871 nisi
750 819 863 872 tontum
891 833 989 872 reram
1013 833 1100 894 pror-

129 895 299 978 peritotem,
314 903 348 954 ut
361 891 423 954 illis
436 913 587 987 nunquam
599 893 632 954 iu
645 905 765 956 merstem
779 895 877 956 veniat
889 894 1049 956 Aristides.

185 976 237 1038 Co.
262 977 371 1038 Mirum
395 976 420 1037 si
447 976 615 1037 christianos
637 999 693 1038 non
715 977 806 1060 pudet
829 977 884 1053 sui,
910 977 946 1038 ad
970 975 1100 1060 quamvis

134 1061 235 1122 levem
249 1059 381 1144 injuriam
403 1060 653 1122 excandescentes
674 1082 707 1122 ac
728 1062 882 1122 vindictam
906 1082 960 1143 per
982 1059 1025 1122 sas
1047 1081 1100 1122 ne·

136 1143 241 1225 sasque
252 1143 411 1204 molientes.
448 1141 527 1204 Tota
538 1142 663 1204 Socratis
673 1144 731 1206 vita
739 1145 808 1206 nihil
820 1145 896 1206 aliud
907 1144 978 1206 mihi
989 1143 1101 1206 videtur

135 1227 228 1322 quam
242 1224 440 1307 temperantia
451 1246 486 1286 ac
496 1225 651 1288 tolerantie
663 1227 843 1310 exemplum.
889 1227 950 1289 Sed
962 1249 999 1290 ne
1012 1225 1099 1311 planis

133 1330 193 1370 srm
208 1307 384 1390 asymboluS‚
395 1329 484 1370 unum
498 1307 622 1370 reseram
637 1303 715 1392 qu'od
729 1309 798 1371 mibi
809 1331 866 1394 pre
877 1311 988 1372 cacteris
1000 1311 1098 1373 arrisit

134 1389 230 1454 Eunti
254 1388 368 1475 publicai
386 1390 435 1452 viia
455 1391 603 1474 improbus
626 1393 764 1476 quispiam
779 1393 936 1475 colaphum
958 1393 1100 1490 impegi13

133 1496 206 1537 cum
229 1474 260 1536 id
274 1474 377 1536 tacitus
396 1472 485 1536 ferret
505 1475 651 1550 Socrates,
664 1476 751 1538 amici
772 1477 889 1558 quidam
910 1477 1014 1538 hortata
1035 1489 1102 1538 sunt

136 1557 175 1620 ad
204 1558 353 1620 ultionem.
399 1557 443 1620 At
470 1557 529 1634 ille,
598 1557 631 1618 id
651 1559 820 1640 percrrsson'
836 1556 977 1655 sociam?
999 1558 1099 1655 inquit.

98 1721 100 1725 ,
141 1638 234 1717 Voce,
249 1641 391 1724 inquiunt,
406 1639 439 1700 in
444 1638 506 1723 jus.
550 1578 746 1703 pomum!
768 1641 797 1702 in
818 1655 875 1704 urt:
895 1640 923 1703 si
935 1661 979 1704 ma
1001 1663 1101 1704 manos

135 1721 260 1787 calcibus
301 1723 476 1798 mmososct,
490 1742 559 1784 oum
580 1721 660 1785 robis
681 1732 749 1786 curt
789 1721 797 1736 ’
869 1723 982 1788 oricum
1002 1725 1035 1788 ia
1045 1723 1100 1810 jos

136 1746 468 1889 oabomlpsignificans
496 1805 660 1888 improbum
688 1828 816 1870 scurram
843 1807 932 1870 nihilo
956 1808 1100 1892 potiorem

136 1889 228 1966 asino,
242 1904 274 1952 et
291 1889 380 1950 infimi
402 1888 489 1950 animi
510 1909 586 1965 esse,
606 1911 664 1952 non
687 1911 773 1972 posse
795 1889 872 1954 serre
893 1893 1099 1956 contumeliam

139 1971 177 2033 ab
190 1972 306 2034 homine
321 1971 437 2033 vecordi
452 1992 538 2054 quam
553 1971 641 2035 ferret
655 1973 690 2036 ab
704 1974 820 2037 animali
834 1975 928 2038 bruto.

183 2053 238 2116 Di.
261 2053 406 2116 Pauciora
440 2067 508 2116 sunt
540 2054 571 2116 in
606 2053 750 2118 Romanis
781 2057 931 2120 annalibus
959 2058 1099 2141 exempla

137 2136 352 2214 moderationis,
367 2157 422 2200 nec
437 2157 473 2200 ea
495 2138 617 2221 perinde
642 2137 761 2221 insignia
769 2161 780 2216 ;
801 2159 896 2222 neque
908 2141 985 2203 enim
996 2141 1100 2238 opinor

137 2241 271 2304 magnam
286 2221 396 2283 habere
409 2221 527 2283 laudem
545 2221 709 2298 tolerantie,
724 2221 747 2284 si
768 2223 832 2306 quis
850 2238 950 2308 parcat
964 2225 1098 2301 devictis,

137 2318 167 2366 et
195 2304 320 2367 debellet
346 2305 496 2386 superbos.
568 2303 637 2368 Non
666 2305 784 2368 arbitror
818 2321 916 2370 tamen
950 2307 1099 2404 indignum

136 2401 310 2464 memoratu,
325 2388 403 2470 quod
419 2386 496 2450 Cato
510 2388 615 2464 senior,
629 2389 697 2451 ciam
716 2389 858 2453 Lentulus
873 2389 990 2485 quidam
1015 2413 1045 2451 m
1065 2411 1099 2452 os

138 2470 179 2532 illi
204 2484 320 2552 sputum
343 2484 373 2533 et
393 2469 450 2532 oris
469 2471 658 2552 purulentiam
683 2471 837 2555 injecisset,
859 2473 929 2534 nihil
952 2472 1030 2534 aliud
1053 2493 1100 2535 re-

138 2553 288 2636 sponderit
299 2573 398 2697 paam,
412 2551 542 2615 Postuoc
556 2552 647 2616 babeo
662 2554 742 2638 quod
762 2555 823 2618 illis
837 2554 1029 2638 respondeam
1045 2555 1099 2641 qui

138 2645 252 2720 negant
274 2635 330 2698 tii
354 2657 413 2698 csse
435 2658 475 2698 os.
521 2635 565 2698 Os
580 2636 827 2702 autemaLatinis
838 2639 947 2702 habere
958 2655 1100 2725 negantur

139 2741 211 2803 quos
225 2719 294 2782 nihil
308 2721 415 2802 pudet3
438 2720 535 2804 itaque
545 2719 629 2804 jocus
644 2742 682 2784 ex
696 2722 773 2784 ambi
793 2745 842 2786 uo.

181 2802 252 2864 Am.
275 2803 347 2866 Aliis
361 2803 488 2866 arrident
502 2805 571 2866 alia:
594 2804 665 2866 mihi
679 2805 752 2867 inter
765 2745 906 2890 liiogeuis
926 2807 1011 2886 dicta,
1026 2829 1100 2891 prar-

139 2884 216 2946 clara
240 2887 358 2968 quidem
383 2887 491 2963 omnia,
505 2885 574 2948 nihil
594 2888 685 2970 magis
707 2888 896 2967 adblanditur,
911 2891 999 2987 quam
1021 2891 1100 2974 quud

138 2967 251 3047 roganti
266 2969 392 3043 cuidam,
407 2990 465 3050 quo
478 2983 564 3052 pacto
580 2969 709 3032 maximis
725 2973 814 3054 possit
828 2973 928 3036 ulcisci
942 2974 1098 3036 inimicum.

139 3049 178 3112 Si
193 3058 220 3109 tc
235 3047 338 3130 ipsum,
353 3049 453 3132 inquit,
468 3072 554 3134 quam
567 3053 688 3115 maximi
697 3055 823 3138 probam
837 3067 865 3120 et
889 3055 1037 3119 honestum
1057 3053 1101 3116 oi·

139 3153 206 3194 rum
213 3130 399 3214 prestiteris.
442 3133 579 3196 Demiror
594 3136 656 3218 quis
671 3137 744 3201 deus
762 3139 802 3202 illi
822 3142 895 3202 tales
914 3136 1102 3219 cogitationes

139 3214 248 3284 miserit
262 3215 291 3276 in
313 3230 449 3278 mentem.
492 3217 615 3280 Videtur
637 3235 732 3283 autem
756 3237 785 3286 et
804 3221 968 3284 Aristotelis
990 3219 1101 3282 dictum

139 3299 226 3361 valde
240 3312 466 3362 consentaneum
488 3299 611 3364 Paulino
632 3303 777 3387 dogmati3
798 3305 846 3387 qui
868 3315 984 3383 rogatus
998 3323 1015 3364 a
1030 3323 1102 3388 quo·

140 3381 218 3458 dam,
233 3381 309 3467 quid
315 3381 437 3466 flustris
450 3405 505 3446 suo
519 3383 566 3447 iili
573 3385 764 3470 philosophia
778 3383 946 3447 attulisset?
973 3384 1014 3449 Ut
1028 3389 1101 3466 mod,

140 3465 240 3550 inquit,
254 3477 357 3552 sponte
379 3489 415 3530 sa
422 3466 537 3550 sociam
558 3490 622 3554 poe
638 3468 775 3554 plerique
791 3465 888 3552 legion
909 3479 987 3553 motu
1008 3473 1103 3537 coacti
