2472 4038
582 268 654 344 rat

174 444 234 518 Pa.
257 451 340 517 Nihil
364 452 476 532 minbs3
497 449 550 514 sed
569 451 732 515 divinabam
754 449 903 528 audacter,
918 448 1008 536 idque
1022 447 1099 529 tutti,

133 537 278 616 videlicet,
293 539 372 622 priuis
383 549 507 619 aooepto
521 536 620 619 pretio.

174 624 231 686 Ρο.
256 623 307 685 An
321 644 367 685 ars
381 637 441 684 tam
457 620 576 682 ridicula
590 633 704 702 poterat
718 619 795 682 alere
810 619 859 681 te?

173 707 232 771 Pu.
257 706 387 782 Poterat,
410 704 579 789 etquidem
601 723 670 766 eum
693 703 806 766 duobus
829 702 963 782 samulis3
984 717 1100 766 tantum

131 806 177 854 est
199 791 305 875 ubique
328 789 471 853 fatuorum
486 801 516 850 et
531 787 684 850 fatuarum.
729 788 868 848 Attamen
893 808 963 848 cum
989 787 1100 850 Hiero-

130 877 275 958 solymam
297 874 417 948 adirem,
443 872 612 934 addideram
634 893 683 933 me
705 871 733 933 in
756 871 927 932 comitatum
942 870 1099 954 cujusdam

131 959 282 1042 magnatis,
297 957 460 1041 praedivitis,
475 955 535 1051 qui,
550 970 635 1018 naurs
655 977 746 1017 anuos
768 955 958 1036 septuaginta,
973 956 1100 1038 negabat

130 1063 163 1104 se
189 1063 272 1125 aequo
296 1041 393 1120 anuuo
418 1053 590 1102 montanum
611 1039 666 1102 nisi
690 1038 768 1123 priits
792 1038 900 1102 adisset
924 1037 1103 1121 Hiemsoly·

130 1147 219 1188 mam.

173 1208 237 1272 Eu.
259 1208 308 1270 Ao
322 1207 402 1270 domi
415 1206 570 1302 reliquerat
584 1227 718 1268 uxorem.

173 1293 233 1356 Pa.
257 1293 358 1376 Atque
373 1291 460 1354 etiam
474 1290 579 1352 liberos
594 1311 657 1352 sex.

124 1460 130 1470 ι
174 1376 235 1440 Eu
259 1376 404 1439 Osenem
422 1372 511 1458 impie
536 1373 625 1457 pium.
668 1373 771 1457 Atque
792 1373 870 1436 illino
891 1372 989 1436 redisti
1014 1393 1105 1436 sano·

132 1475 188 1526 tus.

176 1545 236 1609 Po.
258 1543 313 1606 Vis
327 1564 429 1606 vemm
444 1540 553 1604 fatear?
563 1529 731 1625 Aliquantb
742 1540 867 1603 deterior
877 1561 965 1624 quam
978 1540 1104 1602 iveram.

175 1628 237 1693 Eu.
263 1629 324 1705 Sic,
338 1641 371 1690 ut
386 1627 483 1704 audio,
499 1647 640 1689 excussus
655 1639 700 1688 est
714 1625 858 1709 religionis
873 1642 963 1687 amor.

175 1714 237 1777 Po.
259 1713 324 1777 lmd
338 1712 431 1794 magis
450 1710 604 1774 incanduit
649 1710 752 1793 ltaque
774 1729 908 1771 reversus
922 1709 951 1771 in
974 1709 1105 1786 ltaliam,

133 1798 234 1862 addixi
250 1796 428 1862 memilitite.

176 1881 237 1944 Eu.
260 1881 341 1944 Itane
369 1877 539 1961 religionem
568 1877 719 1941 versabaris
748 1878 778 1940 in
805 1877 903 1941 bello?
941 1899 1000 1962 quo
1027 1877 1104 1960 quid

133 1987 198 2032 esse
214 1976 308 2048 potest
322 1961 510 2026 sceleratius?

175 2051 235 2115 Pu.
259 2047 332 2126 Erat
346 2061 445 2109 sancta
459 2045 567 2110 militia

176 2134 238 2198 Eu.
262 2131 407 2195 Fortassis
420 2131 449 2192 in
463 2129 588 2194 Turcas.
1041 2153 1045 2158 ·

175 2219 235 2284 Pu.
259 2215 335 2294 Imb,
347 2215 473 2278 sanctius
488 2215 627 2298 quiddam
638 2228 671 2279 ut
684 2229 746 2279 tum
762 2215 879 2300 quidam
894 2214 1077 2300 predicebam
1093 2263 1102 2278 .

175 2302 238 2367 Eu.
262 2299 433 2375 Quidnam?

178 2385 357 2452 Patulus
386 2383 532 2446 secundus
561 2384 627 2447 belli
647 2386 781 2448 erabatur
812 2383 952 2447 adversus
985 2383 1099 2446 Gades.

134 2473 239 2568 Porro,
254 2469 383 2568 militiam
397 2467 468 2530 mihi
481 2406 708 2532 commendabat
731 2469 818 2532 etiam
832 2469 989 2532 multarum
1002 2489 1106 2532 rerum

134 2579 173 2620 ex
195 2568 323 2617 enentra.

209 2660 238 2699 u.
263 2636 436 2713 Multarum,
451 2635 505 2698 sed
519 2636 671 2700 malarum.

174 2722 234 2786 Pa.
258 2719 304 2782 Ita
318 2735 383 2802 post
395 2719 537 2802 comperi.
582 2719 623 2784 Et
644 2735 744 2784 tamen
762 2720 812 2784 hic
827 2720 926 2785 duribs
940 2720 1002 2784 vixi
1013 2739 1106 2805 quam

132 2809 162 2871 in
176 2803 368 2869 monasteriis.

69 2965 79 2974 g
148 2929 150 2936 ι
174 2889 237 2956 Eu.
261 2885 346 2960 Quid
359 2899 423 2948 tum
437 2888 560 2969 postea?

175 2975 234 3040 Po.
256 2971 328 3034 Jam
342 2969 414 3033 mihi
427 2971 561 3037 vacillare
575 2973 667 3056 ooepit
682 2973 804 3049 animus,
819 2974 917 3036 utrirm
938 2974 977 3037 ad
990 2973 1107 3061 negoti-

132 3061 258 3126 ationem
272 3055 465 3120 intermissam
484 3057 609 3119 redirem
625 3078 662 3118 an
676 3057 846 3141 religionem
861 3056 1019 3142 fugientem
1034 3077 1107 3139 per-

132 3165 279 3230 sequerer.
324 3138 444 3203 Interim
459 3140 580 3204 venitin
599 3155 731 3204 mentem
753 3155 909 3226 utrumque
924 3142 1008 3206 alteri
1016 3161 1106 3225 posse

132 3251 189 3293 con
202 3246 240 3290 un
272 3275 279 3288 .

173 3249 365 3384 dunguid?
385 3321 418 3370 ut
432 3307 518 3371 simul
533 3329 613 3371 esses
627 3322 657 3372 et
672 3309 833 3394 negotiator
847 3323 876 3373 et
889 3311 1062 3374 monachus.

174 3398 233 3461 Pu.
258 3393 341 3469 Quid
355 3392 408 3454 ni?
429 3391 512 3455 Nihil
525 3392 684 3476 religiosius
695 3395 843 3458 ordinibus
853 3394 1108 3473 Mendiuantium;

131 3496 161 3544 et
181 3495 280 3542 tamen
301 3477 372 3540 nihil
397 3476 518 3538 similius
540 3497 577 3538 ne
597 3477 724 3540 otiationi
735 3501 745 3556 ;
777 3480 899 3542 volitant
920 3500 976 3564 per
1001 3500 1110 3542 omnes

130 3579 219 3628 terras
241 3583 276 3625 ae
289 3560 399 3636 maria;
429 3560 522 3622 multa
547 3499 656 3637 vident,
679 3563 772 3626 multa
794 3564 924 3640 audiunt,
947 3575 1110 3647 penetrant

130 3647 243 3711 omneis
257 3645 369 3718 domos,
384 3641 577 3725 plebeiorum,
592 3644 741 3725 nobilium,
757 3660 845 3732 atque
860 3668 973 3732 regum.

172 3728 234 3792 Eu.
258 3728 299 3790 At
312 3746 371 3789 non
385 3741 596 3808 cauponantur.
