2492 4038
631 265 701 338 ’39

241 446 306 516 Qui
338 447 582 529 responderunt:
613 445 740 509 obvenit
773 446 862 510 nobis
896 446 1058 524 somnium,
1085 467 1147 512 nec
1236 445 1237 458 ¹

199 531 360 612 quisquam
375 530 489 610 estqui
504 529 580 592 iliud
594 530 684 592 nobis
699 530 924 612 interpretetur.

240 615 364 690 Nonne,
383 615 483 694 inquit
501 612 663 694 Josephus,
688 613 747 675 Dei
770 613 864 675 solius
885 623 932 676 est
952 633 1145 696 praenoscere

198 717 246 759 res
261 697 402 760 futuras?
424 697 553 760 Narrate
566 696 642 760 mihi
657 697 776 760 somnia
790 707 900 759 vestra.

647 803 699 860 47.
813 819 817 826 '

202 938 207 950 »
240 896 322 959 Τιιιιι
336 895 419 978 prior
433 895 477 958 sic
492 894 632 978 exposuit
646 894 782 978 Josepho
796 894 949 960 somnium
963 875 1065 960 suurn.

110 991 114 1000 '
218 993 222 999 “
239 979 310 1042 Vidi
325 979 357 1041 in
371 979 475 1060 quiete
490 980 583 1042 vitem
605 979 637 1040 in
658 980 718 1059 quii
731 989 819 1044 erant
841 989 903 1042 tres
924 979 1086 1062 pahnites3
1106 1001 1145 1044 ea

197 1063 346 1145 paulatim
360 1063 487 1145 protulit
500 1083 657 1146 gemmas
649 1084 657 1100 ·
678 1063 792 1125 deinde
811 1063 901 1126 flores
914 1075 1089 1146 eruperunt,
1104 1085 1143 1127 ac
1236 1135 1237 1146 χ

196 1147 352 1226 denique
346 1168 413 1217 uvae
427 1146 687 1208 maturesoebant
985 1194 1011 1244 l.

240 1229 308 1312 Ego
322 1230 531 1311 exprimebant
544 1250 618 1292 uvas
643 1229 675 1291 in
696 1229 846 1313 scyphum
859 1229 1077 1310 Pharaonis,
1050 1251 1141 1314 eique

283 1334 302 1364 U

199 1313 494 1458 pohirhgbhhho
447 1396 558 1493 animo,
587 1396 686 1478 inquit
706 1397 868 1493 Josephus,
890 1409 961 1478 post
991 1407 1052 1461 tres
1075 1397 1142 1461 dies
1236 1431 1237 1436 1

196 1480 317 1574 Pharao
339 1490 370 1542 te
392 1480 530 1544 restituet
550 1481 582 1544 in
602 1482 730 1564 gradum
752 1481 936 1564 pristinum.
958 1491 989 1548 tc
1010 1501 1087 1566 rogo
1108 1493 1142 1544 ut

196 1562 371 1627 memineris
385 1563 457 1627 mei.
645 1653 696 1710 48·

238 1749 325 1814 Alter
339 1771 462 1846 quoque
476 1750 609 1814 narravit
623 1749 775 1812 somnium
789 1769 878 1812 suum
897 1750 1051 1834 Josepho:
1071 1773 1142 1835 ges-

197 1833 321 1898 tabam
314 1855 346 1896 ιιι
360 1835 464 1916 capite
485 1835 544 1896 tria
565 1833 700 1896 canistra
714 1833 745 1896 in
759 1834 870 1914 quibus
884 1847 972 1898 erant
986 1835 1050 1900 cibi
1064 1855 1142 1917 quos

197 1919 325 2001 pistores
340 1917 441 1980 solent
454 1918 620 1980 conficere.

241 2001 326 2064 Ecce
355 2014 458 2064 autem
486 2022 557 2063 aves
587 1999 888 2076 circumvolitabant,
902 2011 943 2062 et
963 2001 1051 2064 cibos
1073 2001 1143 2065 illos
1236 2003 1237 2036 r

198 2085 416 2146 comedebant„
468 2085 527 2148 Cui
554 2084 725 2166 Josephus.
760 2083 829 2146 haec
858 2094 905 2148 est
933 2084 1143 2166 interpretatio

199 2167 285 2240 istius
300 2168 419 2230 somnii.

239 2251 314 2314 Tria
327 2252 462 2314 canistra
475 2261 545 2315 sunt
566 2263 628 2316 tres
649 2253 726 2330 dies,
741 2251 853 2332 quibus
877 2251 999 2334 elapsis,
1024 2251 1144 2317 Pharao

198 2345 229 2398 te
243 2334 332 2398 feriet
346 2335 455 2412 securi,
469 2346 502 2400 et
515 2334 623 2419 affiget
629 2337 677 2398 ad
691 2336 806 2418 palum,
821 2335 875 2397 ubi
890 2355 962 2398 aves
979 2347 1144 2416 pascentur

102 2461 110 2473 ,
197 2436 291 2481 carne
307 2419 368 2480 tuit

241 2583 300 2646 Die
322 2584 423 2680 tertio,
438 2605 490 2665 qur
482 2584 571 2646 dies
593 2583 703 2646 natalis
725 2583 890 2648 Pharaonis
913 2596 987 2663 erat,
1009 2587 1145 2670 splendi-

198 2669 271 2730 dum
286 2667 460 2731 convivium
474 2669 643 2764 parandum
659 2667 725 2730 fuit.
1236 2717 1237 2750 ;

239 2752 330 2815 Tunc
345 2771 398 2814 rex
408 2752 549 2814 meminit
568 2752 775 2816 ministrorum
796 2771 929 2832 suorum,
943 2755 997 2836 qui
1011 2763 1099 2818 erant
1113 2753 1145 2816 in
1236 2775 1237 2806 ι

197 2855 334 2900 carcerc
856 2837 863 2848 ’
1236 2833 1237 2908 ζ

238 2921 341 2982 Restit
329 2919 388 2980 tuit
403 2919 553 3000 praefecto
574 2919 790 3000 pincernarum
813 2939 923 2983 munus
938 2941 1048 2998 suum3
1069 2917 1145 2980 alte-
1236 2937 1237 2940 ’

199 3023 265 3066 rum
288 3003 359 3064 vero
383 3002 484 3064 securi
506 3021 685 3082 percussmn
706 3001 865 3082 suspendit
885 3005 925 3066 ad
947 3003 1073 3126 palum:
1096 3001 1146 3063 Ita
1236 3033 1237 3088 3

199 3107 248 3148 res
262 3085 414 3153 somnium
429 3085 649 3178 comprobavit.
1236 3091 1237 3154 Ϊ

241 3169 361 3231 Tamen
376 3167 541 3249 praefectus
565 3167 779 3248 pincernarum
804 3171 919 3233 oblitus
936 3176 985 3229 est
1007 3164 1144 3249 Josephi,
1236 3195 1237 3200 ¹

183 3273 259 3318 nec
274 3250 378 3314 illius
370 3273 401 3313 ιιι
415 3273 448 3314 se
462 3250 562 3314 meriti
578 3253 755 3316 recordatus
770 3263 836 3316 est.
1236 3259 1237 3272 ¹

648 3359 697 3415 50.

198 3501 200 3508 .
240 3453 314 3516 Post
328 3453 486 3516 biennium
500 3475 553 3516 rex
568 3455 632 3536 ipsc
649 3454 757 3516 habuit
771 3450 932 3514 somnium.

240 3538 412 3602 Videbatur
422 3537 479 3599 sibi
495 3537 615 3600 adstare
627 3537 661 3599 N
662 3536 704 3598 ilo
715 3534 832 3597 flumini
837 3616 849 3642 κ
868 3546 901 3598 et
914 3546 991 3598 ecce
1005 3555 1145 3614 emerge·
