2472 4038
606 243 648 312 81

194 422 298 487 Graeci
312 423 376 486 duo
389 441 506 506 genera
518 419 594 483 ulmi
617 421 751 484 novere:
777 428 960 500 montosam,
979 440 1050 503 quae
1065 421 1106 484 sit

47 570 51 576 ,
150 506 290 588 amplior,
305 517 520 588 campestrem,
535 525 605 585 quae
621 503 779 566 fructuosa
792 503 841 566 sit.

193 591 339 653 Hiemem
366 589 513 671 praesagit
540 588 672 682 hirundo
693 599 758 650 tam
783 586 871 670 juxta
892 607 1005 670 aquam
1025 587 1102 652 voli·

150 682 219 736 tans
232 685 268 737 ut
281 694 400 756 pennas
413 693 497 756 saepe
512 680 677 755 percutiat.

604 800 653 856 11.

191 895 315 958 Malitia
328 895 395 978 ipsa
408 894 573 958 maximam
587 903 705 974 partem
719 893 831 956 veneni
847 893 893 956 sui
910 893 1000 956 bibit.

191 979 314 1061 Turpis,
329 979 382 1061 qui
402 978 466 1041 olto
488 978 553 1042 sole
575 977 766 1040 semisomnis
783 976 880 1060 jacet,
895 977 984 1062 cujus
998 977 1103 1064 vigilia

146 1063 253 1125 medio
267 1063 332 1126 sole
348 1063 469 1144 incipit.
1056 1094 1060 1105 ·

191 1147 300 1211 Mente
315 1145 401 1231 vigili
416 1155 503 1209 esto:
525 1143 619 1208 animi
641 1153 784 1208 veternus
802 1165 882 1210 verae
896 1143 987 1208 morti
1002 1145 1102 1210 affinis

147 1239 391 1393 estiiquila‘Jovi
405 1312 576 1389 dedicatur,
596 1311 635 1375 ed
661 1311 744 1393 quod
761 1311 891 1380 rolandi
916 1313 1102 1396 pemicitata

67 1435 70 1440 ι
148 1417 224 1459 aves
238 1417 345 1459 omncs
358 1395 501 1459 excellat.

191 1479 285 1544 Elide
322 1479 494 1544 certamina
531 1477 748 1575 quadrigarum
793 1478 925 1583 primum
959 1479 1102 1544 instituta

148 1573 328 1731 sapim
352 1657 388 1711 ut
421 1645 535 1710 funem
559 1645 680 1729 longitls
708 1645 818 1711 tollere
845 1647 973 1730 possint,
998 1649 1102 1716 fasciis

148 1741 288 1798 ventrem
301 1731 493 1798 strictissime
508 1731 737 1814 circumligant.

596 1860 645 1917 12.

148 2007 152 2016 ⁴
190 1973 358 2040 Stellarum
370 1973 458 2059 globi
473 1983 562 2039 terra
576 1973 823 2058 magnitudinem
837 1973 929 2040 facile
944 1989 1100 2060 superant.

190 2058 304 2122 Parvos
317 2057 480 2142 delphinas
494 2077 615 2141 semper
638 2057 749 2140 aliquis
768 2060 915 2144 grandior
935 2062 1101 2126 comitatur

147 2152 184 2208 ut
198 2153 313 2206 custos.

133 2298 138 2310 N
189 2227 355 2310 Magorum
378 2247 446 2290 mos
469 2235 518 2290 est
530 2245 595 2290 non
608 2224 735 2290 humare
749 2246 881 2310 corpora
893 2246 1019 2292 suonun
1039 2229 1101 2293 nisi

147 2311 252 2378 aleris
266 2311 328 2375 sint
341 2321 414 2375 ante
428 2311 555 2374 laniata.

189 2396 290 2458 Linea
303 2406 351 2459 est
364 2394 528 2477 longitudo
542 2392 686 2474 quaedarn
701 2393 767 2455 sine
781 2393 956 2458 latitudine.

191 2479 338 2542 Socrates
351 2478 446 2542 totius
459 2475 567 2540 mundi
588 2497 622 2539 se
644 2475 779 2539 incolum
799 2487 831 2540 et
851 2477 953 2542 ciram
973 2475 1101 2543 arbitra·

148 2562 251 2627 batur.

598 2645 648 2704 13.

192 2767 410 2850 Anaxagoram
437 2761 549 2840 serunt,
583 2763 731 2828 nunciata
757 2774 856 2828 morte
878 2763 943 2842 filii,
965 2766 1078 2831 dixisse
1090 2791 1101 2847 ;

150 2851 279 2914 Sciebam
292 2873 336 2912 roe
349 2847 496 2911 mortalem
506 2847 649 2931 genuisse,

191 2934 326 3027 Tiresias
347 2951 453 2996 caecus
478 2929 580 2994 futura
592 2929 729 3006 videbat,
743 2929 796 3012 qui
810 2931 976 3014 prasentia
996 2931 1101 2994 videre

149 3025 362 3179 norssipogpplps’
379 3083 555 3160 Alexandro
579 3095 750 3178 roganti‚si
774 3096 849 3177 quid
872 3097 932 3160 sibi
952 3114 1031 3178 opus
1053 3113 1102 3158 cs·

150 3192 219 3260 set3
239 3180 282 3242 Ν
277 3203 332 3242 unc
345 3180 457 3264 quidem
464 3177 629 3262 paululum,
643 3178 752 3260 inquit,
767 3201 786 3242 o
799 3179 858 3243 sols
871 3179 957 3242 abac.

7 3287 9 3290 ·
73 3337 75 3341 ,
192 3264 309 3328 Thales
323 3263 438 3346 primus
458 3261 668 3326 defectionem
689 3263 772 3340 solis,
786 3271 936 3346 regnante
951 3262 1102 3346 Astyage,

150 3348 329 3434 praedixisse
345 3345 450 3410 fertur.

195 3433 341 3496 Socrates
355 3428 492 3492 execrari
513 3449 586 3494 eum
599 3428 721 3511 solebat
734 3428 788 3510 qui
809 3425 926 3511 primus
935 3429 1103 3502 utilitatem

152 3515 193 3580 ab
207 3515 337 3584 honesto
350 3513 543 3600 sejunxisset.
