2472 4038
408 358 531 418 MR&
556 360 769 427 QUAR'M.

169 713 588 796 PROMISCUOUS
636 715 1009 798 SENTENCES.

157 1049 325 1110 Docrnrnn
338 1057 370 1110 et
384 1049 478 1112 virtus
492 1048 652 1110 tutissimas
667 1057 738 1110 sunt
752 1045 903 1126 divitiae.

156 1131 193 1195 In
207 1132 350 1194 secundis
365 1133 457 1194 rebus
481 1153 574 1194 nemo
593 1132 739 1194 confidat.
783 1131 868 1194 Male
883 1107 989 1194 vivunt
1010 1132 1064 1213 qui

114 1234 237 1295 semper
250 1215 351 1276 vivere
366 1215 529 1297 incipiunt.

155 1298 280 1360 Initium
295 1309 342 1360 est
356 1299 461 1361 salutis
475 1298 586 1361 notitia
606 1299 741 1380 peccati.
785 1297 852 1368 Qui
875 1289 1008 1382 peccare
1031 1319 1064 1360 se
1080 1298 1085 1302 ’

115 1381 216 1444 nescit
229 1381 342 1463 corrigi
358 1402 420 1443 non
434 1382 509 1445 vult.

156 1464 241 1526 Vitia
255 1485 310 1526 sua
324 1465 464 1529 confiteri
480 1464 618 1527 sanitatis
632 1463 781 1527 indicium
795 1474 852 1527 est

46 1555 49 1566 '
156 1545 230 1610 Pars
243 1548 363 1612 virtutis
376 1547 540 1631 disciplina
553 1557 685 1623 constat,
700 1569 770 1630 pars
783 1547 1015 1610 exercitatione.

156 1631 338 1694 Securitatis
341 1652 466 1726 magna
480 1651 549 1726 pars
563 1594 723 1693 estnihil
715 1631 813 1726 iniqui
805 1629 942 1706 Qfacere

115 1795 135 1856 d
156 1714 266 1807 Magni
298 1714 392 1778 animi
419 1713 576 1797 proprium
603 1723 651 1776 est
680 1714 804 1798 injurias
825 1723 858 1775 et
879 1712 1064 1778 offensiones

138 1817 287 1888 aspicere

155 1963 290 2026 Fortuna
303 1963 400 2026 vitrea
413 1972 480 2026 est·
472 1886 739 2045 ‚cirmaesplendet
754 1961 914 2059 frangitur.

114 2047 306 2193 dlQuisque
319 2047 359 2110 ad
378 2046 521 2111 virtutem
544 2047 686 2123 accessit,
717 2047 805 2113 dedit
833 2067 992 2133 generosae
1019 2045 1065 2109 in-

60 2292 62 2296 .
115 2152 424 2360 boSllrlsdirlmsubinde
445 2212 579 2290 nebulae,
600 2213 752 2278 rationem
780 2213 912 2278 affectus
934 2213 1065 2278 obtene-

132 2308 245 2444 lllliliil
259 2381 335 2444 boni
349 2381 413 2444 otio
427 2392 460 2445 et
473 2380 596 2463 ignavi&
609 2391 743 2462 paratur.

156 2464 229 2527 Hoc
244 2466 334 2542 scito,
348 2465 464 2542 nullam
479 2463 704 2527 simulationem
717 2463 771 2525 diu
787 2455 883 2526 latere
898 2484 999 2544 posse

156 2547 314 2609 Infelicior
328 2560 376 2610 est
389 2548 530 2643 injuriam
544 2568 597 2628 qur
588 2546 697 2622 facit,
713 2548 805 2627 quam·
819 2547 872 2628 qui
887 2547 1025 2610 sustinet.

156 2629 208 2690 Ab
223 2629 295 2703 alio,
311 2651 402 2708 quam
417 2651 435 2692 a
449 2631 560 2710 seipso,
572 2631 690 2692 laudari
705 2641 799 2710 praest
786 2641 841 2694 tat

103 2795 105 2800 Ι
155 2711 216 2776 Dei
231 2711 377 2793 auspiciis
391 2713 548 2776 universus
563 2713 635 2775 coeli
648 2713 724 2776 ordo
738 2713 864 2796 regitur

155 2875 203 2938 Ex
218 2843 293 2939 vitio
308 2876 410 2938 alieno
424 2877 547 2972 sapiens
561 2799 707 2940 einendat
721 2899 821 2947 suurn.

156 2956 341 3040 Exemplum
355 2971 403 3020 est
417 2961 514 3022 tacita
528 2962 671 3040 quaedam
686 2962 865 3025 admonitio

80 3051 83 3057 '
155 3042 239 3105 Infra
253 3043 359 3106 lunam
371 3043 448 3105 nihil
463 3054 510 3106 est
523 3044 582 3106 nisr
573 3045 725 3108 'mortale
739 3056 772 3108 et
785 3046 949 3110 caducum.

156 3125 246 3192 Quid
261 3147 384 3207 quoque
399 3125 450 3194 die
465 3127 566 3208 egeris
580 3129 698 3210 vesperi
713 3149 933 3192 commemora

114 3208 289 3354 hafflpftplpfi
305 3209 395 3274 nobis
424 3209 511 3272 dedit
533 3209 732 3274 diversorium
759 3213 981 3290 commorandi,
1002 3233 1067 3276 non

156 3369 326 3456 Nunquam
339 3377 414 3442 satis
427 3374 547 3442 laudari
562 3386 665 3460 potest
679 3376 884 3462 philosophia
