2492 4038
614 267 663 338 29

208 447 355 512 Attamen
368 447 509 530 pepercit
522 445 646 512 No‘e'mo
667 457 700 512 et
720 446 824 512 liberis
837 447 914 532 ejus,
935 443 1008 528 quia
1027 444 1114 510 eole-

167 530 242 593 bant
256 531 409 594 virtutem.

89 635 96 650 ⁴
209 614 347 676 Nodmus
379 615 553 678 admonitus
575 637 594 679 a
615 616 686 680 Deo
715 615 863 680 exstmxit
887 614 1044 697 ingentem
1065 632 1113 675 ar-

166 717 236 760 cam
251 698 289 760 'in
310 699 436 761 modum
453 699 559 778 navis3
581 697 680 763 linivit
694 719 764 764 eam
777 698 938 772 bitumine,
952 707 985 760 et
998 697 1030 760 in
1043 715 1114 760 eam

166 780 285 844 induxit
298 801 354 864 par
368 802 463 844 unum
477 784 613 846 omnium
627 783 730 846 avium
743 792 777 846 et
790 780 1003 844 animantium.

207 981 374 1063 Postquam
405 983 543 1046 Nouimus
574 984 640 1066 ipse
662 984 818 1068 ingressus
841 991 890 1046 est
917 1001 1022 1044 eseam
1043 1000 1115 1044 cum
1227 1015 1228 1028 κ

165 1065 309 1148 conjuge,
334 1067 431 1130 tribus
456 1067 526 1133 filiis
548 1078 581 1131 et
602 1068 731 1132 totidem
752 1067 890 1142 nuribus,
912 1086 1000 1148 aquae
1022 1063 1114 1127 maris
1228 1095 1229 1098 ¹

165 1159 197 1211 et
210 1149 347 1211 omnium
362 1150 492 1214 fontium
506 1161 682 1234 eruperunt.

208 1231 308 1295 Simul
322 1234 427 1314 pluvia
440 1235 550 1318 ingens
564 1234 680 1300 cecidit
701 1255 756 1320 per
776 1233 982 1318 quadiaginta
994 1231 1062 1296 dies
1082 1239 1115 1294 et

99 1377 103 1392 ,
166 1313 298 1377 totidem
311 1328 430 1380 noctes.

209 1397 302 1478 Aqua,
321 1401 450 1484 ,operuit
479 1400 650 1467 universam
678 1413 799 1477 terram,
821 1400 865 1464 ita
892 1409 928 1463 ut
956 1407 1116 1484 superaret

122 1497 128 1512 ·
165 1480 346 1562 quindecim
360 1483 473 1547 cubitis
487 1484 650 1548 altissimos
662 1495 795 1548 montes.

208 1563 323 1626 Omnia
337 1564 500 1649 absumpta
514 1579 585 1632 sunt
598 1568 734 1632 diluvioz
754 1585 828 1632 arca
841 1575 945 1632 autem
958 1565 1116 1632 sublevata

167 1646 255 1728 aquis
269 1647 412 1712 fluitabat
426 1649 457 1714 in
472 1649 546 1714 alto.

160 1905 176 1930 -.
208 1833 292 1930 Deus
306 1836 431 1900 immisit
454 1847 579 1902 ventum
603 1837 828 1915 vehementem,
842 1845 877 1902 et
896 1837 1010 1902 sensim
1024 1855 1113 1920 aquoe

169 1931 335 2000 mammutae
350 1929 431 1982 sunt.

208 2001 350 2064 Tandem
373 2023 478 2066 mense
500 2003 676 2080 undecimo,
698 2015 861 2086 postquam
880 2003 1030 2066 diluvium
1050 2023 1115 2066 σω·

166 2094 264 2164 perat,
283 2085 422 2180 biodmus
443 2089 562 2170 aperuit
576 2088 740 2152 fenestram
755 2107 848 2164 arceo,
870 2097 903 2150 et
923 2087 1026 2150 emisit
1047 2107 1115 2152 cor·

165 2185 246 2244 vum,
261 2189 314 2248 qui
327 2190 390 2231 non
405 2180 451 2232 est
465 2191 611 2234 reversus.

208 2251 328 2314 Deinde
349 2252 450 2316 emisit
471 2254 668 2317 columbam:
690 2275 784 2335 quum
805 2273 844 2318 ea
864 2273 927 2318 non
948 2252 1115 2316 invenisset

48 2373 53 2384 ·
166 2334 270 2398 locum
293 2336 346 2398 ubi
371 2348 501 2418 poneret
525 2339 648 2420 pedem,
672 2357 795 2400 reversa
816 2347 864 2400 est
880 2337 929 2420 ad
951 2336 1114 2413 Nodinum¹

79 2459 81 2466 ι
165 2418 217 2498 qui
231 2419 370 2480 extendit
383 2441 519 2496 inanum,
534 2433 567 2482 et
581 2421 684 2482 intulit
698 2441 768 2482 eam
782 2421 815 2482 in
830 2437 944 2481 aream.

206 2500 361 2563 Columba
385 2523 503 2562 rursum
525 2501 637 2564 emissa
660 2502 764 2563 attulit
787 2501 821 2564 in
845 2521 898 2562 ore
919 2521 975 2564 suo
997 2521 1113 2567 ramum

164 2584 256 2648 olivae
271 2581 406 2659 virentis,
421 2603 484 2663 quo
498 2583 567 2646 finis
580 2583 686 2646 diluvii
701 2584 943 2668 significabatur.

617 2691 666 2748 14.

207 2785 345 2850 No'e'mus
369 2805 510 2870 egressus
530 2797 578 2848 est
598 2807 637 2849 ex
662 2787 744 2864 arcti,
766 2798 929 2884 postquam
950 2787 993 2850 ibi
1014 2787 1113 2850 inelu-

164 2885 215 2930 sus
228 2869 328 2932 suerat
342 2891 397 2951 per
412 2889 526 2932 atinum
540 2881 639 2932 totum
653 2871 720 2953 ipse
734 2883 767 2935 et
781 2871 897 2936 samdia
910 2871 997 2954 ejus:
1018 2871 1113 2934 edux-

164 2949 190 3014 it
203 2971 311 3033 securo
323 2973 394 3016 aves
408 2964 584 3034 caeteraque
599 2955 777 3017 animantia.

206 3034 289 3097 Tum
316 3037 413 3098 erexit
439 3035 545 3111 aitare,
567 3047 599 3098 et
620 3036 733 3100 obtulit
760 3035 946 3101 sacrificium
966 3033 1111 3098 Domine.

165 3119 254 3186 Deus
268 3117 344 3184 dixit
359 3117 422 3180 illi:
445 3141 509 3182 non
529 3119 644 3182 delebo
657 3119 806 3202 deinceps
820 3140 919 3202 genus
933 3117 1111 3196 hominum3

164 3223 279 3288 ponam
290 3222 395 3264 arcum
408 3221 511 3264 meum
524 3202 557 3266 in
570 3202 714 3280 nubibus,
728 3215 761 3267 et
774 3204 832 3266 erit
846 3203 967 3286 signum
988 3197 1111 3264 foederis

165 3286 248 3370 quod
264 3285 347 3348 facio
360 3285 529 3366 vobiscum.

81 3419 104 3444 ,.
207 3370 316 3439 Quum
338 3367 495 3432 obduxero
516 3369 615 3432 nubes
629 3369 721 3446 eoelo,
736 3391 825 3433 arcus
839 3385 926 3430 meus
940 3367 1109 3450 apparebit,
1175 3433 1179 3442 ,
1222 3417 1225 3424 ‚

23 3475 26 3522 r
67 3491 69 3494 -
164 3463 198 3516 et
212 3453 398 3516 recordabor
412 3449 534 3514 foederis
547 3454 620 3536 inei,
640 3474 700 3516 nec
725 3470 862 3533 unquam
881 3447 1029 3521 diluvium
1051 3453 1109 3518 erit

46 3591 49 3596 .
64 3533 78 3564 ’·
165 3536 204 3598 ad
219 3537 409 3618 perdendum
424 3535 530 3598 orbem
545 3547 703 3599 terrarum.

427 3620 481 3677 ges
