2492 4038
600 230 650 300 25

149 412 235 476 Nihil
258 421 320 476 tam
342 411 473 476 absurda
499 409 564 474 dici
588 419 701 492 potest,
722 405 806 488 quod
825 423 889 468 non
908 401 1031 468 dicatur
1054 398 1096 464 ab

191 497 296 577 aliquo
310 494 572 576 philosophorum.
887 569 910 590 ·.

147 578 420 726 Tevsffspglplutrptpi
434 587 545 660 potest,
560 575 609 640 vel
631 569 803 660 pretio,ch
817 580 925 655 gratia,
939 567 988 632 vel
1001 575 1096 644 metu,

37 809 38 814 ¹
148 783 222 846 Non
236 794 301 846 rete
316 783 456 865 accipitri
470 783 615 859 tenditur,
629 803 731 864 neque
752 779 868 856 milvio,
883 778 935 860 qui
958 777 1038 842 mala
1054 778 1097 842 sa-

174 867 279 929 '-ciunt
292 867 382 929 nobis
394 889 403 945 3
424 866 484 928 illis
499 867 551 947 qui
565 867 609 928 nil
623 867 741 928 faciunt
754 865 900 928 tenditur.

148 950 260 1013 Vivere
276 951 341 1045 tota
354 950 416 1012 vita
429 949 613 1013 discendum
626 960 683 1026 est,
697 960 730 1012 et
750 949 817 1012 tota
837 946 900 1010 vitri
914 945 1098 1008 discendum

104 1107 106 1110 ’
149 1044 244 1198 Apiid
253 1054 470 1198 Iiirtliagoram
490 1114 651 1196 discipulis
672 1115 807 1196 quinque
821 1113 910 1177 annis
930 1111 1098 1175 tacendum

122 1305 125 1310 ·
149 1210 285 1382 Coiidila
300 1289 353 1425 list
372 1279 529 1363 Carthago
549 1281 748 1364 septuaginta
767 1279 888 1343 duobus
910 1280 999 1343 annis
1026 1280 1097 1342 ant'e

194 1383 288 1444 quam
332 1383 413 1426 orna.
510 1401 514 1406 -

149 1487 269 1554 Thales
290 1487 506 1569 interrogatus,
528 1487 604 1567 quid
624 1497 707 1551 esset
726 1487 835 1550 Deust
861 1486 970 1568 Quod,
991 1487 1100 1570 inquit,

192 1581 280 1635 caret
293 1569 383 1634 initio
396 1580 429 1632 et
442 1569 513 1632 fine.

151 1655 271 1720 Natura
296 1651 484 1750 tenacissimi
505 1671 610 1716 sumus
631 1673 749 1730 eorum,
770 1673 841 1736 quse
863 1653 990 1718 rudibus
1011 1656 1100 1720 annis

154 1757 452 1966 Liddtmiplildniilium
475 1819 515 1884 sit
535 1820 673 1897 ambitio,
688 1819 863 1903 frequenter
877 1832 980 1886 tamen
1002 1841 1099 1887 causa

194 1917 337 1970 virtutum
351 1923 409 1966 es.

150 1988 234 2053 Rara
253 1999 425 2070 temporum
449 1986 581 2050 felicitas
601 1998 659 2064 est,
677 1988 731 2052 ubi
752 1989 866 2053 sentire
881 2009 951 2072 quaa
965 1987 1051 2067 velis,
1065 1999 1099 2053 et

50 2079 51 2084 ’
193 2091 264 2154 quae
280 2070 394 2133 sentias
406 2069 521 2148 dicere,
535 2070 620 2136 licet.

196 2193 360 2280 Augustus
375 2213 449 2258 curn
464 2195 570 2258 amicis
581 2195 645 2259 suis
661 2196 871 2273 consultabat,
883 2197 986 2261 utnim
1000 2196 1100 2280 impe-

153 2278 234 2342 rium
249 2289 394 2357 servaret,
410 2299 452 2343 an
468 2279 652 2362 deponeret.

153 2446 164 2510 l
195 2363 364 2460 l'erperam
380 2364 538 2447 quaeritur,
554 2385 632 2427 num
648 2365 679 2426 in
696 2364 789 2426 amici
812 2364 946 2448 gratiam
972 2364 1022 2448 jus
1037 2363 1125 2428 vio*

166 2468 211 2510 arr
271 2449 336 2509 ssit.

198 2469 401 2612 Eiimenides
416 2550 504 2612 puer,
518 2529 601 2592 'aestu
615 2540 649 2592 et
668 2530 779 2594 itinere
802 2529 911 2608 sessus,
928 2543 1049 2616 septem
1068 2543 1102 2599 et

154 2615 386 2698 quinquaginta
400 2634 500 2676 annos
516 2613 548 2676 in
563 2635 661 2696 specu
676 2615 857 2678 dormivisse
871 2617 994 2682 dicitur.

193 2699 298 2846 llrplius
328 2700 435 2763 Caesar
463 2698 555 2761 simul
589 2699 718 2778 dictare,
744 2711 777 2764 et
806 2700 963 2784 legentem
993 2703 1101 2770 audire

156 2805 222 2848 soe
247 2795 287 2847 at.

199 2869 232 2931 P.
257 2869 407 2933 Catienus
438 2868 578 2932 Plotinus
605 2879 772 2952 patronum
802 2870 881 2934 adad
908 2872 1031 2952 dilexit,
1055 2883 1101 2950 ut,

155 2954 255 3017 haeres
267 2954 411 3016 omnibus
426 2954 494 3038 ejus
507 2953 599 3016 bonis
618 2955 789 3034 institutus,
805 2956 837 3018 in
853 2977 963 3041 rogum
985 2959 1053 3043 ejus
1068 2977 1102 3020 se

155 3039 325 3122 conjiceret
340 3047 372 3101 et
387 3048 652 3102 concremaretur.

199 3123 326 3186 Nullius
353 3134 430 3204 puto
456 3123 645 3187 beneficium
669 3125 882 3208 expetendum
907 3147 988 3204 esse,
1012 3124 1102 3209 cujus

156 3207 216 3271 vile
234 3207 391 3290 judicium
407 3217 464 3270 est.
1039 3277 1041 3282 Ι

198 3293 391 3356 Senescente
415 3290 498 3369 luni,
523 3303 624 3356 ostrea
649 3295 812 3360 tabescere
835 3295 993 3370 dicuntur,
1018 3314 1101 3359 ores·

155 3389 247 3441 cente
262 3377 385 3453 eadem,
396 3375 543 3458 gliscunt.
579 3377 676 3460 Caepe
688 3382 807 3458 contra,
828 3377 904 3442 lunt
923 3378 1101 3459 deficiente,

154 3462 351 3540 revirescere,
366 3459 579 3608 adglescente,
594 3462 768 3530 inarescere
784 3464 910 3532 dicitur·¹
