2472 4038
565 279 635 349 104

167 457 270 540 Siquis
284 458 476 542 impietatem
490 459 628 541 quamvis
641 458 766 522 occulti
782 458 900 537 fecerit,
920 479 1080 542 nunquam

123 550 228 605 tamen
242 543 381 606 confidat
394 564 464 606 eam
479 542 544 606 sore
554 563 681 625 ¹semper
694 543 862 606 occultam.
917 543 1080 628 Improbo-

122 645 190 686 rum
215 625 299 689 sacta
321 627 419 709 primo
438 627 574 710 suspicio
589 627 768 708 insequitur,
782 627 896 690 deinde
911 649 1011 690 senno
1033 639 1080 692 at·

123 709 291 788 queiama,
309 721 375 773 tum
394 711 563 787 accusatio,
578 722 644 775 tum
664 710 779 794 judex:
799 711 889 775 multi
911 712 1006 775 etiam
1020 711 1079 795 ipsi
1175 715 1186 728 '

122 811 156 854 se
172 792 397 858 indicaverunt.
814 848 822 862 .

166 875 265 940 Nulla
278 888 381 959 potest
395 899 463 942 esse
478 879 510 942 in
526 879 645 942 scelere
660 878 814 962 voluptas.

122 960 376 1108 mgppssippltnpsse
398 963 536 1086 remedio
569 963 667 1040 locus,
690 963 743 1026 ubi
766 984 836 1045 quse
859 963 982 1028 firerunt
1005 963 1080 1028 vitia

510 1169 702 1224 MEMORIA.

164 1257 268 1322 Mater
296 1277 452 1322 musarum
483 1270 531 1322 est
551 1260 710 1336 memoria,
743 1269 776 1323 et
806 1261 926 1323 tantum
956 1262 1096 1336 scimus,-

123 1343 272 1424 quantum
298 1345 447 1407 memoria
468 1353 619 1408 tenemus.
664 1343 817 1407 Memoria
837 1343 995 1420 minuitur,
1019 1343 1079 1406 nisi

122 1447 193 1572 capr
214 1447 382 1523 eaerceas5
413 1428 535 1492 cunctis
563 1428 721 1491 memoriae
742 1427 917 1492 defectibus
938 1427 1081 1492 medetur

124 1531 157 1574 m
181 1523 285 1574 ustrra.

165 1595 200 1659 Si
215 1595 290 1678 quid
305 1596 457 1660 audiveris
479 1597 609 1681 cognitu
633 1596 772 1680 dignum,
787 1596 820 1660 id
835 1617 899 1660 non
914 1594 1009 1673 libris,
1024 1597 1080 1658 sed
1116 1667 1119 1672 ¹

122 1680 227 1742 animo
255 1680 437 1759 inscribit03
467 1681 527 1744 hirc
547 1681 631 1744 enim
652 1681 873 1744 exercitatione
895 1679 1080 1743 confirmata

121 1762 280 1840 memoria,
302 1765 453 1845 quiequid
474 1764 549 1841 vult,
564 1774 660 1840 tenet,
683 1774 727 1844 et,
753 1765 836 1845 quod
858 1764 989 1848 quisque
1011 1763 1079 1840 scit,
1113 1787 1116 1792 ·

122 1845 219 1909 habet
232 1846 265 1908 in
280 1858 434 1929 promptu.

165 1929 339 1992 Mithridati
367 1930 434 2014 regi
462 1929 552 1993 Ponti
581 1940 667 1994 tanta
688 1930 781 1994 fuisse
802 1931 953 1994 memoria
974 1931 1079 2008 fertur,

121 2023 158 2076 ut
170 2013 291 2076 duabus
306 2025 339 2077 et
352 2013 460 2098 viginti
484 2013 674 2092 nationibus,
688 2015 801 2098 quibus
826 2014 1011 2100 imperabat,
1025 2015 1080 2078 sud

126 2096 239 2179 cuique
255 2097 362 2182 lingui
373 2098 424 2183 jus
437 2098 543 2163 dicere
558 2098 682 2163 soleret.

165 2329 209 2393 Ut
224 2329 264 2394 ad
279 2329 392 2407 literas,
406 2330 450 2394 ita
464 2329 504 2392 ad
526 2329 671 2392 virtutem
688 2327 827 2412 ‘pueritia
851 2326 1079 2412 promptissima

123 2424 182 2476 est.

165 2497 335 2562 Tenaciter
356 2497 476 2562 haerent
499 2497 552 2561 illa
576 2519 646 2580 quae
679 2497 806 2560 rudibus
828 2496 916 2559 annis
937 2496 1079 2579 percepi-

122 2601 209 2642 must
231 2583 360 2663 proinde
383 2583 502 2665 optima
523 2603 655 2665 quaeque
680 2581 712 2644 in
736 2581 846 2664 primis,
866 2580 969 2645 statim
992 2580 1079 2644 annis

123 2664 314 2726 addiscenda
329 2677 410 2728 sunt.

165 2748 261 2816 Quod
277 2747 309 2808 in
324 2749 456 2831 pueritia
469 2748 644 2824 didicimus,
655 2747 780 2826 diutius,
791 2749 967 2832 firmiusque
981 2768 1078 2812 mern·

123 2831 216 2895 inisse
232 2831 375 2894 solemus.
698 2830 700 2834 ⁴

98 2991 100 2998 Ι
165 2917 245 2980 Puer
266 2915 401 2997 quidam,
416 2916 469 2998 qui
497 2917 581 2999 apud
605 2914 767 2979 Platonem
787 2916 939 2980 educatus
964 2916 1078 2992 suerat,

122 3001 194 3064 inde
217 3001 257 3062 ad
279 3011 423 3082 parentes
448 3001 603 3077 reductus,
628 3000 699 3063 cum
721 2999 843 3064 sublati
863 3021 941 3064 voce
963 3021 1078 3064 excan-

122 3085 303 3148 descentem
334 3084 531 3166 conspiceret
555 3095 684 3167 patrem,
709 3083 821 3148 dixisse
840 3083 954 3148 fertur:
985 3083 1091 3148 Nau-¹

122 3191 209 3256 qaum
222 3169 281 3232 hcc
295 3168 375 3262 apud
388 3167 544 3233 Plutonem
559 3169 627 3235 vidi.

350 3313 571 3373 CONSILIUM.
621 3315 856 3374 PRUDENTIA.

166 3407 240 3471 Sine
255 3408 340 3471 bono
350 3409 480 3473 consilio
495 3407 571 3471 nihil
587 3409 684 3473 efficit
698 3401 800 3474 robur.

165 3489 344 3570 Priusquam
380 3493 520 3574 incipias,
543 3493 695 3572 consulto,
724 3505 766 3572 et,
794 3492 848 3558 ubi
871 3491 1074 3572 consulueris,

121 3573 239 3636 matini³
256 3573 339 3637 facto
353 3597 431 3658 opus
446 3589 502 3640 est.
