2472 4038
408 694 531 756 nm
557 663 778 764 annm?

116 1115 496 1209 connocums
542 1071 722 1200 enom
756 1074 1058 1222 euasurus,

235 1535 461 1592 SALUTANDI
484 1537 527 1592 IN
551 1537 674 1592 PRIMO
698 1535 934 1593 CONGRESSU.
1033 1535 1036 1539 '

139 1689 170 1753 N
172 1713 215 1754 ou
229 1705 340 1754 temere
355 1691 442 1755 docet
455 1692 584 1776 quidam,
597 1706 631 1754 ut
648 1690 805 1754 salutemus
828 1690 961 1768 libenter,
971 1691 1065 1754 comis

96 1775 175 1835 enim
199 1789 229 1836 et
251 1775 358 1837 blanda
379 1776 512 1838 salutatio
533 1775 611 1859 saeple
632 1776 766 1838 conciliat
789 1775 955 1851 amicitiam,
970 1775 1064 1837 inimi·

95 1857 193 1919 citiam
207 1857 307 1934 diluit;
329 1857 410 1921 cert'e
430 1872 561 1920 mutuam
582 1859 814 1922 benevolentiam
837 1860 886 1921 alit
907 1871 1061 1954 augetque.

96 1940 228 2014 Quidam
249 1949 342 2025 usque
365 1940 440 2004 adeo
461 1941 586 2005 Demea
608 1957 685 2019 sunt,
707 1943 880 2039 ingenioque
901 1955 1016 2026 agresti,
1030 1954 1065 2004 ut

96 2025 147 2086 vix
175 2026 292 2088 salutati
319 2027 486 2088 resalutent.
544 2025 699 2090 Nonnullis
727 2028 784 2090 hoc
812 2027 872 2090 vitii
899 2023 1064 2088 conciliavit

95 2107 230 2172 educatio
243 2109 339 2172 verius
353 2109 441 2194 quim
455 2123 566 2174 natura.

138 2191 315 2256 Urbanitetis
329 2209 373 2257 est
387 2195 508 2258 salutare
529 2194 640 2270 obvios,
656 2208 706 2256 aut
727 2215 778 2256 eos
800 2193 849 2276 qui
869 2214 923 2256 nos
944 2191 1064 2268 adeunt,

94 2291 146 2340 aut
161 2299 234 2362 quos
248 2275 362 2340 adimus
376 2277 430 2360 ipsi
445 2277 630 2361 colloquendi
654 2277 753 2360 gratiis.

138 2362 226 2424 Salve
240 2375 333 2445 pater,
347 2363 427 2424 salve
442 2362 610 2437 matercula,
626 2363 704 2424 salve
718 2362 759 2422 mi
777 2359 873 2435 frater,
887 2360 967 2422 salve
989 2381 1063 2442 prae·

94 2461 197 2530 ceptor
211 2444 403 2522 observande,
418 2446 498 2508 salve
513 2445 637 2508 multinn
651 2445 691 2508 mi
706 2458 817 2530 patrue,
831 2445 909 2506 salve
933 2443 1063 2506 dulcissi-

95 2551 144 2591 me
160 2553 196 2592 ne
237 2551 261 2592 s.
322 2589 327 2594 .

138 2552 292 2675 Umidum
306 2627 351 2675 est
364 2613 473 2677 addere
498 2613 677 2696 cognationis
701 2627 751 2676 aut
771 2611 915 2675 affinitatis
936 2611 1063 2688 titulum,

94 2696 148 2760 nisi
162 2695 231 2758 clun
247 2695 335 2758 habet
350 2698 456 2780 aliquid
470 2697 546 2772 odii;
569 2711 631 2758 tum
647 2697 725 2758 enim
740 2709 856 2777 praestat
871 2695 947 2757 abuti
969 2695 1064 2756 nrinds

96 2779 213 2866 quidem
230 2778 361 2862 propriis,
372 2779 425 2841 sed
440 2779 695 2863 plausibilioribus:
719 2779 809 2841 veluti
822 2779 889 2841 cirm
904 2799 1063 2840 novercam
1104 2781 1111 2796 ‘

94 2865 253 2927 salutamus
281 2876 415 2940 matrem,
444 2863 607 2946 privignum
635 2863 737 2939 filium,
766 2863 898 2926 vitricum
959 2876 1062 2938 atrem,

95 2948 201 3010 sororis
215 2946 350 3010 maritum
365 2945 492 3023 fratrem,
507 2945 599 3009 fratris
613 2968 737 3009 uxorem
751 2968 889 3010 sororem.
934 2884 1064 3008 ldemm
1120 2977 1129 2992 ι·

96 3031 185 3096 aetatis
200 3045 249 3094 aut
262 3029 424 3113 officiorum
438 3031 527 3092 titulis
542 3029 717 3094 laciendum.
761 3029 879 3094 Gratius
889 3030 968 3092 enim
978 3028 1064 3092 suerit

96 3117 120 3178 si
135 3138 237 3178 senem
252 3128 375 3198 patrem,
391 3129 441 3178 aut
455 3114 547 3177 vimm
562 3115 715 3192 eximium,
730 3116 846 3191 salutes,
862 3115 950 3198 quim
973 3113 1065 3176 aetatis

97 3201 288 3284 cognomine;
309 3198 398 3260 etiam
420 3199 489 3260 olim
512 3199 629 3263 honoris
651 3199 742 3262 causi
767 3199 922 3260 dicebatur.
975 3196 1065 3260 Salve

97 3283 245 3366 praelecta,
268 3284 347 3347 salve
368 3281 500 3345 tribune:
524 3297 715 3360 nouantem,
740 3281 829 3344 Salve
853 3280 997 3365 caligarie,
1014 3291 1066 3341 aut

96 3365 247 3430 calcearia.
293 3367 381 3430 Salve
396 3365 577 3442 adolescens
591 3369 669 3429 salve
679 3366 803 3452 juvenis.
848 3365 941 3428 Senes
952 3363 1066 3446 ignotos

98 3449 333 3514 adolescentulos
348 3451 472 3514 filiorum
486 3465 682 3534 cognomento
696 3451 838 3527 salutant;
861 3448 1066 3512 adolescentes

98 3529 223 3596 vicissim
238 3534 301 3596 illos
315 3549 413 3616 patres
428 3548 477 3598 aut
496 3534 638 3598 dominos.
