2472 4038
17 382 20 492 l

616 287 685 359 103

209 468 398 539 Quaeramus
411 469 616 552 quidoptim'e
638 469 756 534 sactum
778 469 826 548 rit,
840 491 904 535 non
927 469 1003 554 quid
1027 472 1122 536 usita-

164 553 338 635 tissimum3
358 554 479 636 etquid
493 553 584 617 nobis
598 553 783 641 felicitatem
797 565 980 638 perpetuam
1000 557 1122 640 praebe·

162 659 199 701 re
215 639 322 722 possit,
336 658 400 701 non
414 638 489 720 quid
513 638 618 722 vulgo,
632 638 770 702 veritatis
795 639 929 724 pessimo
951 639 1121 726 interpreti,

163 724 332 805 probatum
347 721 396 785 sit.

208 807 258 870 Ita
272 827 377 870 sumus
391 806 567 890 compositi,
580 817 615 870 ut
629 806 722 871 solita
743 818 777 871 et
798 807 989 889 quotidiam,
1002 809 1122 874 etiamsi

164 889 370 956 admiratione
394 891 500 975 digna,
519 901 696 972 transeunt3
717 893 836 968 contra,
860 891 1056 956 minimarum
1076 913 1123 956 re-

163 997 244 1053 rum,
258 975 283 1038 si
305 974 431 1039 insolita
449 975 573 1052 fiierint,
597 975 812 1058 spectaculum
835 975 930 1040 dulae
954 975 1011 1057 lit3
1032 996 1124 1041 nemo

164 1059 281 1138 lunam,
296 1060 355 1125 nisi
371 1060 576 1136 laborantem,
590 1059 744 1124 observat.

390 1201 629 1259 CONTENTUS
660 1202 735 1258 SUA
765 1202 900 1260 SORTE.

210 1274 298 1339 Nihil
319 1285 368 1338 est
388 1274 429 1338 ab
450 1273 534 1338 omni
556 1283 644 1356 parte
658 1273 804 1338 beatmn:
824 1273 925 1351 multi,
947 1273 1028 1340 novis
1040 1285 1122 1338 sorte

167 1359 310 1442 quaesitd,
323 1368 459 1422 veterem
473 1377 575 1422 mrsus
590 1367 784 1440 optaverunt.

210 1443 281 1507 Tua
309 1453 391 1508 sorte
420 1442 460 1504 sis
489 1452 676 1505 contentus:
710 1441 850 1506 nonnulli
882 1441 979 1519 litere,
1011 1443 1074 1524 qui,
1097 1444 1123 1507 si

166 1528 352 1592 mansissent
365 1525 504 1603 humiles,
518 1527 576 1589 tuti
591 1545 659 1590 esse
674 1535 862 1609 potuemnt:
877 1526 952 1590 sacti
967 1525 1123 1605 sublimes,

165 1611 353 1677 ceciderunt
366 1611 399 1674 in
413 1610 562 1695 pericula.

208 1697 362 1767 Quotidie
385 1716 443 1760 nos
472 1695 539 1778 ipsa
559 1705 671 1760 natura
702 1695 860 1773 admonet,
884 1696 977 1778 quem
1005 1694 1123 1780 paucis,

164 1782 257 1864 quam
271 1782 373 1866 parvis
387 1781 480 1845 rebus
494 1790 598 1864 egeat,
612 1781 706 1863 qudm
720 1780 842 1844 vilibus.

208 1866 243 1930 Si
264 1867 316 1929 cui
338 1886 478 1930 sunnon
507 1865 582 1929 satis
609 1865 715 1948 ampla
743 1865 895 1942 videntur,
926 1864 1001 1929 licet
1029 1864 1123 1928 totius

165 1950 273 2013 mundi
297 1950 440 2014 dominus
461 1948 511 2027 sit,
535 1948 717 2014 miserest:
748 1949 774 2012 si
804 1949 844 2013 ad
874 1959 1017 2014 naturam
1037 1949 1122 2026 vivis,

168 2053 326 2116 nmquam
338 2034 398 2097 eris
412 2053 540 2116 pauper,
555 2034 580 2096 ri
596 2033 636 2096 ad
651 2033 842 2117 opinionem,
855 2053 1015 2116 nunquam
1025 2033 1121 2098 dives.

208 2243 337 2308 Sunnna
350 2244 482 2312 scientia
495 2255 544 2308 est
557 2245 633 2310 vitia
647 2245 837 2329 virtutesque
852 2247 1055 2334 distinguere.

208 2327 384 2394 Videndum
394 2339 443 2394 est
456 2329 624 2414 diligenter
637 2331 678 2394 ad
697 2351 768 2413 quse
784 2331 859 2396 vitia
879 2332 974 2396 sinms
988 2349 1121 2413 propen-

166 2412 212 2475 si:
233 2413 286 2476 alii
300 2413 383 2476 enim
396 2413 436 2475 ad
451 2412 514 2476 alia
526 2413 726 2508 procliviores
740 2417 877 2480 eumue*

210 2495 294 2564 stitis
306 2517 370 2558 non
390 2506 505 2578 peccat
525 2517 558 2558 m
580 2497 651 2573 vite,
665 2510 698 2562 et
719 2498 843 2564 delictis
864 2498 957 2563 nullis
978 2499 1121 2562 tenetur?

166 2579 303 2661 optimus
333 2579 387 2644 ille
408 2588 466 2655 est,
490 2578 627 2661 quinon
655 2582 753 2646 solum
781 2584 925 2661 minirnis,
949 2583 1121 2650 sedetiam

166 2663 361 2747 paucissimis
375 2673 512 2748 urgetur.

208 2748 291 2812 Vitia
303 2758 419 2826 nosne,
433 2748 507 2830 quia
521 2769 670 2830 amarum,
684 2751 890 2830 defendimus,
904 2763 937 2817 et
960 2773 999 2818 ea
1022 2753 1120 2818 malu-

166 2852 233 2895 mus
247 2853 395 2898 exeusare
410 2834 502 2915 quam
516 2847 675 2901 excutere.

207 2915 418 2982 Pemiciosum
438 2929 489 2982 est
509 2920 592 2984 vitiis
619 2921 755 2986 servire:
777 2921 852 3003 quia
873 2931 950 3002 quot
970 2921 1045 2986 vitia
1066 2919 1120 2982 ha-

164 2999 221 3064 bet
234 3001 346 3078 anima,
360 3011 409 3065 tot
421 3011 455 3065 et
467 3001 620 3068 dominos.

208 3083 310 3168 Magis
319 3095 439 3150 'nocent
452 3085 526 3150 vitia
538 3108 610 3170 quae
624 3087 700 3153 boni
715 3100 900 3173 preteritum
913 3087 1041 3153 habent.

207 3224 278 3289 Citd
306 3225 445 3306 nequitia
464 3226 598 3311 obrepit,
626 3229 720 3295 virtus
747 3231 883 3296 difficilis
905 3229 1032 3292 inventu
1053 3238 1120 3308 est3

163 3320 327 3386 rectorem,
343 3307 517 3392 ducemque
530 3312 705 3394 desiderat.
750 3315 806 3380 Vir
828 3312 929 3377 molus
951 3310 1020 3396 plus
1044 3313 1119 3377 mali

164 3394 280 3478 patitur
294 3393 428 3458 afflictus
442 3396 643 3476 conscientie,
658 3401 750 3483 quim
774 3397 827 3460 ille
851 3395 905 3478 qui
929 3395 963 3460 in
988 3417 1118 3483 corpore

165 3479 337 3564 castigatur
350 3489 384 3544 et
397 3479 501 3564 flagris
515 3482 658 3548 caeditur.
1193 3489 1200 3506 ⁸

226 3617 239 3644 ⁸·
249 3615 301 3666 ntis·
312 3615 385 3679 enim,
396 3615 586 3678 &ce-different
597 3633 656 3667 men
667 3633 708 3666 are
718 3631 796 3680 prone
808 3624 836 3669 to
848 3617 962 3669 different
971 3620 1046 3668 vices.
