2472 4038
591 227 669 298 —149

149 409 278 492 inquam,
293 407 346 469 sed
360 420 464 490 praeter
478 408 710 490 expectationem
731 408 878 492 objectum
899 421 944 472 est
965 408 1110 510 nepotium

149 493 238 574 idque
261 491 383 574 regium,
399 491 477 573 quod
497 491 607 552 nrdlam
622 491 728 574 patitur
749 493 926 555 dilationem.
970 491 1031 555 Hrc
1052 491 1111 566 ille,

149 576 239 657 eliges
254 597 293 637 ex
308 575 452 648 omnibus,
467 595 555 655 quem
575 575 676 652 voles3
698 588 779 644 tuum
803 576 913 638 habere
933 597 991 637 non
1016 589 1109 658 potes.

149 658 239 741 Rogo
255 680 343 741 quam
357 659 394 718 ob
409 659 492 718 rem?
536 657 687 729 Quoniam
708 659 842 720 venditus
857 673 910 735 est,
924 659 1022 741 inquit.
1066 656 1112 719 Ibi

150 763 206 823 ego
221 738 357 802 simulati
378 739 484 822 magnei
527 741 735 803 erturbatione:
755 741 963 816 'Prohibeant‚
985 742 1112 824 inquam,

149 825 249 906 superi
265 824 343 906 quod
359 823 438 884 dicis.
517 845 552 885 oc
563 825 680 907 objecto
691 824 793 886 itinere
803 847 863 887 non
874 825 1032 888 venderem
1045 845 1113 885 eum

150 929 272 990 equum,
284 907 371 968 etiam
386 905 409 967 si
422 907 485 988 quis
497 921 630 968 numeret
640 909 845 990 quadruplum.
875 907 988 990 Incipio
999 907 1092 968 rixdm
1105 926 1113 981 ;

150 991 248 1051 clamo
266 1011 315 1052 me
347 989 501 1072 perditum.
560 989 696 1051 Tandem
723 991 841 1054 incaluit
868 1005 900 1053 et
927 991 984 1054 ille.
1041 987 1113 1064 Qut,

150 1095 236 1155 opus,
255 1072 358 1155 inquit,
372 1072 416 1133 his
426 1072 550 1156 jurgiis?
573 1072 712 1136 Indicisti
726 1095 845 1157 equum,
859 1094 915 1157 ego
929 1073 1068 1151 vendidi3
1089 1071 1114 1132 si

151 1177 275 1217 numero
298 1156 432 1238 pretium,
447 1156 518 1222 nihil
532 1156 623 1218 habes
646 1158 723 1239 quod
738 1179 855 1220 mecum
869 1178 947 1240 agas.
993 1157 1069 1220 Sunt
1084 1155 1115 1216 in

151 1240 209 1300 hac
234 1239 307 1300 urbe
338 1239 435 1321 leges:
465 1240 501 1300 ad
530 1240 730 1302 exhibendum
752 1260 860 1324 equum
880 1261 1006 1302 menon
1029 1253 1114 1324 potes

150 1323 340 1404 compellere.
385 1321 465 1384 Cum
491 1322 541 1384 diu
562 1322 746 1401 meruissem,
761 1339 811 1386 cut
831 1345 940 1407 equum
961 1323 1116 1386 exhiberet

152 1419 204 1466 aut
233 1419 384 1482 emtorem,
406 1407 524 1468 tandem
553 1407 642 1468 iratus
667 1421 800 1469 numeret
829 1407 963 1491 pretium.
1022 1405 1116 1466 Eme·

151 1510 215 1550 ram
231 1489 395 1572 quindecim
410 1489 513 1566 aureis,
528 1487 700 1556 aestimfiram
722 1489 820 1572 viginti
841 1511 906 1564 sex,
921 1489 968 1551 ille
992 1487 1117 1550 aestimri·

152 1585 196 1634 rat
216 1573 331 1656 triginta
345 1573 467 1634 duobus.
513 1573 669 1655 Cogitabat
690 1575 768 1656 apud
782 1593 824 1648 se,
838 1585 953 1656 prestat
974 1572 1030 1634 hoc
1044 1571 1115 1634 lucri

153 1654 260 1732 lacere,
276 1657 364 1740 qudm
375 1679 485 1740 equum
496 1657 627 1718 reddere.
672 1657 761 1718 Abeo
776 1656 883 1718 dolenti
897 1655 994 1718 similis
1008 1677 1044 1718 ac
1065 1655 1115 1718 vix

140 1739 282 1822 placatus
296 1741 385 1802 etiam
400 1739 471 1802 dati
483 1740 617 1823 pecunid.
660 1741 713 1802 llle
727 1752 808 1823 rogat
822 1753 854 1802 ut
871 1740 939 1801 boui
953 1739 1113 1815 consulam,

152 1843 185 1884 se
208 1824 267 1884 aliis
289 1823 419 1886 inrebus
434 1839 621 1907 pensaturum
635 1825 692 1886 hoc
706 1823 892 1886 incommodi.
936 1823 985 1886 Sic
1006 1824 1115 1905 impos-

153 1905 226 1968 itum
248 1920 293 1968 est
313 1907 480 1988 impostori3
508 1907 597 1970 habet
616 1929 724 1991 equum
746 1907 851 1969 nullius
872 1907 974 1990 pretii3
1003 1927 1114 1988 expec-

92 2072 94 2076 y
155 2001 201 2050 tat
211 2002 252 2064 ut,
268 1989 316 2070 qui
342 1990 455 2051 arrham
470 1990 557 2066 dedit,
569 1992 665 2053 veniat
687 2003 873 2052 numeratum
886 1989 1064 2074 pecuniam3
1086 2002 1115 2051 at

155 2092 244 2132 nemo
257 2071 345 2146 venit,
360 2093 555 2157 necunquam
570 2088 718 2136 venturus.

196 2154 235 2216 A.
258 2153 376 2216 Interim
391 2177 539 2239 nunquam
554 2170 652 2220 tecum
667 2155 878 2242 expostulavit?

93 2264 96 2268 ·
118 2263 138 2293 π
193 2237 235 2300 P.
260 2237 332 2310 Qud
346 2237 448 2315 fronte,
459 2253 509 2302 aut
524 2261 581 2323 quo
590 2241 657 2326 jure
671 2241 701 2302 id
715 2239 844 2304 faceret?
887 2240 1034 2303 Convenit
1050 2239 1112 2334 qui-

150 2322 220 2383 dem
235 2324 326 2384 semel
348 2337 435 2406 atque
457 2323 571 2402 iterum,
586 2338 761 2409 conquestus
776 2339 819 2386 est
839 2323 877 2386 de
901 2315 958 2386 fide
984 2336 1110 2384 emtorrs.
1159 2373 1162 2378 .
1216 2335 1218 2344 ⁴

102 2443 105 2456 ·
153 2405 269 2466 Verirm
292 2429 345 2488 ego
360 2407 436 2468 ultrd
458 2409 645 2489 expostulavi-
660 2407 881 2482 cumhomine,
907 2407 1007 2468 dicens
1032 2405 1112 2466 illum

154 2509 191 2548 eo
212 2489 288 2549 malo
302 2489 331 2550 di
371 2512 431 2566 um,
447 2491 495 2573 qui
520 2489 705 2574 preproperi
716 2489 884 2551 'venditione
908 2488 959 2549 tali
973 2508 1049 2571 equo
1063 2509 1111 2551 me

153 2567 290 2652 spolidrit.
373 2595 409 2634 oc
424 2588 467 2636 est
482 2575 591 2637 crimen
606 2589 666 2636 tam
680 2573 755 2636 benc
770 2573 953 2648 collocatum,
964 2571 1032 2635 med
1046 2594 1112 2636 sen-

151 2653 251 2730 tentid,
267 2669 369 2718 utnon
385 2658 493 2739 possim
509 2659 646 2720 inducere
661 2658 788 2720 animum
802 2655 941 2718 confiteri.

106 2789 107 2792 ,
174 2739 230 2802 A.
257 2739 323 2822 Ego
337 2741 409 2826 milri
424 2754 548 2804 statuam
571 2763 733 2824 poscerem,
748 2741 772 2802 si
794 2740 863 2823 quid
884 2741 941 2804 tale
964 2742 1112 2826 designirs-

150 2843 212 2882 sem
226 2845 233 2899 3
256 2838 366 2908 tantum
382 2825 465 2887 abest
478 2840 510 2887 ut
523 2825 707 2888 confessurus
720 2825 783 2886 sim.

191 2905 233 2966 P.
258 2908 309 2968 An
333 2929 373 2968 ex
398 2908 495 2982 animo
519 2910 652 2992 loquaris
678 2907 795 2970 nescio:
816 2909 886 2972 mihi
908 2924 1007 2980 tamen
1030 2907 1112 2970 adds

149 2989 290 3064 animum,
306 3011 364 3071 quo
377 2991 468 3072 magis
482 2993 579 3111 ltpbeat
593 2993 694 3054 talibus
709 2989 804 3054 secere
819 2991 927 3056 fucum.
