2472 4038
596 250 666 320 127

185 428 245 492 Ne.
269 431 320 494 An
344 448 388 496 est
409 433 468 494 ulla
492 429 724 515 possessioque
748 451 818 493 cum
841 430 964 494 bominis
986 431 1046 495 virt
1072 434 1110 496 sit

142 512 343 578 conserenda?

186 597 245 658 Pb.
271 599 319 660 Ne
335 599 467 661 universa
480 599 598 682 'quidem
614 597 770 658 Persarum
785 619 865 680 gaza.

184 674 227 741 N
223 703 245 742 e.
271 682 380 744 Annon
396 683 585 744 vehementer
599 682 710 742 odisses
724 681 883 756 hominem,
894 681 942 764 qui
955 681 1007 743 tibi
1020 681 1108 744 vitam

140 779 242 844 posset
255 785 291 826 ac
306 767 394 826 vellet
409 766 490 826 malis
505 766 611 826 artibus
625 765 661 827 ad
677 785 768 826 annos
783 765 890 849 aliquot
905 766 1077 828 decurtare?

184 847 245 909 ΡΙι.
270 848 314 908 Illi
328 849 444 910 mallem
460 849 522 930 ipse
536 849 621 910 vitam
636 849 757 930 eripere.

183 929 245 992 Ne.
271 930 383 994 Verum
413 932 526 1016 pejores
555 952 589 992 ac
616 932 796 993 nocentiores
822 931 952 1008 arbitror,
977 930 1027 1016 qui
1054 931 1107 994 sibi

139 1014 275 1076 volentes
289 1016 413 1077 reddunt
427 1017 514 1076 vitam
529 1014 696 1076 breviorem.
939 1021 942 1029 '

183 1097 243 1159 Pb.
270 1097 386 1173 Fateor,
402 1099 424 1159 si
440 1099 487 1180 qui
503 1099 574 1160 tales
588 1099 773 1180 reperientur.

183 1180 245 1242 Ne.
271 1181 488 1264 Reperiamus?
511 1181 576 1243 lmb
589 1183 617 1243 id
633 1180 742 1244 faciunt
756 1201 856 1243 omnes
870 1181 911 1244 tui
925 1179 1041 1244 similes.
1079 1227 1084 1232 -

183 1263 243 1327 Pb.
267 1263 353 1344 Bona
369 1265 464 1326 verba.

182 1347 244 1410 Ne.
270 1347 397 1430 Optima.
442 1347 492 1410 Sic
514 1363 564 1410 tuo
585 1349 681 1409 animo
709 1362 830 1430 reputa3
864 1367 960 1410 nonne
989 1348 1105 1411 videtur

137 1431 298 1494 rectissime
314 1433 421 1494 dixisse
436 1431 557 1508 Plinius,
579 1429 677 1492 Vitam
691 1453 748 1492 esse
763 1429 907 1514 vigilium,
922 1441 950 1491 et
964 1429 1018 1492 boc
1036 1431 1105 1514 plu·

137 1515 221 1577 ribus
235 1515 316 1578 boris
329 1516 471 1579 homiaem
485 1515 592 1592 viuere,
606 1517 664 1596 qud
678 1513 812 1596 mojorem
834 1513 971 1596 ternpore}
986 1525 1104 1598 purtem

137 1599 311 1683 impenderit
338 1597 470 1661 studies?
513 1599 640 1660 Somnus
669 1597 746 1658 euim
775 1618 852 1658 mors
881 1597 1013 1680 quedam
1049 1610 1101 1660 est.

136 1681 226 1745 Unde
241 1685 278 1745 ab
292 1683 389 1745 inseris
405 1683 502 1746 venire
517 1682 640 1766 fingitur,
656 1695 686 1742 et
700 1681 738 1742 ab
760 1679 892 1742 Homero
912 1680 1012 1742 mortis
1029 1701 1103 1776 ger·

135 1788 240 1832 manus
255 1768 347 1830 dictus
362 1781 413 1830 est.
458 1767 560 1850 ltaque
576 1785 650 1849 quos
663 1777 783 1826 somnus
803 1777 936 1848 occupat,
951 1785 1007 1827 nec
1028 1777 1103 1827 mter

137 1850 217 1912 vivos
232 1872 288 1913 nec
302 1851 376 1913 inter
389 1865 526 1928 mortuos,
542 1864 698 1914 censentur
706 1871 716 1928 ;
737 1847 790 1912 sed
804 1861 901 1912 tamen
914 1847 1008 1932 potius
1029 1847 1102 1912 inter

137 1949 278 1996 mortuos.
619 1962 624 1970 ·

184 2016 242 2077 Pa.
265 2015 436 2078 Itavidetur
449 2016 573 2078 omnino.
663 2093 666 2098 Ι

161 2145 163 2150 ,
182 2097 245 2161 Ne.
270 2096 359 2160 Nunc
372 2099 442 2160 mihi
462 2099 599 2160 rationem
622 2099 784 2175 subducite,
800 2111 936 2182 quantam
952 2096 1016 2160 vite
1031 2117 1101 2180 por·

137 2182 249 2244 tionem
271 2182 324 2244 sibi
345 2197 476 2245 resecant
497 2183 545 2266 qui
567 2184 683 2266 singulis
705 2183 808 2245 diebus
829 2195 888 2244 tres
909 2194 958 2243 aut
980 2195 1101 2265 quatuor

135 2265 222 2328 boras
236 2266 361 2350 perdunt
375 2287 485 2329 somno.

177 2349 237 2413 Pb.
264 2349 360 2412 Video
374 2372 517 2413 summam
532 2351 712 2416 immensam.

177 2434 239 2496 Ne.
263 2433 370 2496 Nonne
402 2457 457 2516 pro
480 2435 537 2495 deo
559 2435 682 2494 haberes
707 2432 908 2515 alchymistam
931 2432 980 2514 qui
1001 2444 1100 2512 posset

136 2517 243 2578 decem
258 2537 347 2577 annos
361 2517 424 2577 vitae
440 2537 559 2577 summae
574 2516 708 2598 adjicere,
719 2531 748 2578 et
762 2515 971 2599 provectiorem
986 2527 1098 2576 aetatem
1144 2575 1147 2580 .

136 2601 174 2663 ad
190 2599 392 2662 adolescentiae
408 2599 536 2680 vigorem
551 2601 706 2662 revocare?

178 2683 236 2746 Ph.
262 2681 373 2754 Quidni
389 2683 535 2743 habeam?

178 2766 238 2830 Ne.
263 2767 324 2828 Sed
338 2767 394 2829 hoc
410 2779 469 2828 tam
486 2765 615 2827 divinum
629 2763 801 2828 beneficium
816 2765 879 2850 ipse
893 2764 944 2828 tibi
965 2779 1098 2850 prestare

137 2865 229 2936 potes.

179 2934 237 2997 Pb.
261 2931 325 3005 Qut
338 2933 399 2995 sic?

179 3017 241 3078 Ne.
264 3015 345 3086 Quia
358 3037 443 3078 mane
456 3017 512 3079 diei
524 3030 567 3078 est
579 3017 785 3093 adolescentia,
795 3037 887 3101 usque
898 3017 935 3079 ad
946 3013 1097 3078 meridiem

136 3099 232 3162 servet
248 3097 394 3180 juventus,
408 3117 479 3162 mox
493 3101 578 3163 virilis
593 3117 671 3178 aetas,
686 3101 732 3164 cui
753 3102 884 3163 succedit
906 3121 959 3182 pro
979 3111 1098 3160 senecta

138 3203 252 3265 vesper,
268 3203 417 3265 vesperam
435 3185 544 3267 excipit
558 3205 689 3262 occasus,
704 3185 783 3248 velut
805 3183 861 3244 diei
882 3201 967 3242 mors.
1011 3179 1098 3262 Mag·
1153 3237 1155 3242 ,
1226 3175 1227 3208 r

135 3288 207 3330 num
231 3279 326 3328 autem
349 3267 472 3349 vectigal
492 3267 669 3363 parsimonia
691 3282 745 3344 est,
768 3266 821 3329 sed
843 3281 987 3344 nusquam
1007 3263 1097 3345 magis

137 3373 224 3436 quam
239 3349 296 3413 hic.
341 3349 448 3412 Annon
463 3351 547 3434 igitur
560 3350 659 3433 ingens
682 3351 795 3411 lucrum
817 3345 870 3408 sibi
893 3342 1025 3434 adjunxit
1049 3345 1096 3431 quii

135 3439 191 3498 ma·
203 3456 270 3496 nam
287 3434 352 3496 vitae
368 3447 489 3517 purtem,
505 3455 628 3519 eamque
642 3433 782 3520 optimam
796 3427 918 3512 perdere
934 3427 1036 3494 desiit?

179 3457 235 3580 iile.
258 3515 503 3602 Vera=predices
