2472 4038
504 200 531 219 “’
573 243 645 314 rar·

162 419 223 486 Ne.
247 421 359 486 Verum
378 422 474 486 isthuc
495 424 592 486 utrlrm
612 442 683 486 casu
703 421 818 500 accidit,
840 441 878 485 sn
905 424 1088 489 consuetudo

120 509 188 569 est?

160 588 221 652 Pt.
246 589 440 654 Consuetudo
454 611 577 673 pmrsus.

160 671 223 736 Ne.
245 673 339 756 Atqui
353 673 395 735 rei
409 695 468 735 non
482 674 563 736 bone
578 671 759 734 consuetudo
773 672 899 754 pessima
913 675 978 736 est?

152 755 222 900 lPlt.
245 757 311 820 lmo
326 757 421 819 nullus
435 777 552 819 somnus
566 768 610 818 est
624 755 739 818 suavior
752 755 841 840 quim
862 769 927 839 post
947 772 1085 820 exortum

118 859 224 902 soem.
973 856 977 862 ’

160 921 203 986 Ν
198 947 221 986 e.
246 922 319 998 Qut
332 922 450 984 taudem
463 920 537 984 horit
549 921 625 984 soles
639 922 749 986 lectum
763 921 945 1006 relinquere?
989 924 992 930 '

160 1005 220 1068 Pr.
244 1007 323 1069 lnter
337 1021 466 1088 quartam
481 1019 511 1068 et
525 1023 643 1070 nonam.

147 1087 221 1152 ‘Ne
246 1089 323 1152 Satis
351 1091 480 1172 amplum
508 1089 652 1172 spatium:
685 1087 736 1150 vix
763 1101 805 1151 tot
828 1088 905 1152 horis
922 1102 1085 1152 comuntur

117 1172 241 1256 reginae3
264 1170 317 1234 sed
331 1173 409 1234 unde
424 1173 526 1234 venisti
540 1173 569 1234 in
583 1171 667 1234 istam
681 1171 941 1234 consuetudinem?

158 1255 217 1318 Pt.
242 1255 324 1330 Quia
344 1257 470 1318 solemus
494 1255 634 1330 convivia,
648 1255 727 1317 lusus
749 1260 780 1317 et
799 1254 884 1339 jocos
908 1255 937 1318 in
961 1256 1083 1319 multam
1130 1323 1133 1330 ,

116 1337 245 1422 prolerre
260 1348 387 1416 noctem,
401 1339 432 1402 id
447 1339 588 1421 dispendii
604 1338 741 1400 matutino
756 1358 857 1400 somno
871 1360 1036 1421 pensamus.

158 1423 220 1486 Ne.
245 1423 308 1486 Vix
321 1443 450 1506 unquam
465 1423 524 1484 vidi
538 1423 686 1484 homiuem
700 1436 728 1484 te
743 1421 881 1506 perditius
895 1423 1055 1506 prodigum.

158 1505 219 1568 Pt.
243 1506 320 1570 Mihi
334 1506 507 1588 parsimonia
520 1506 633 1569 videtur
646 1504 738 1588 magis
760 1527 847 1589 quam
869 1507 1014 1590 prolusio:
1036 1508 1083 1570 in·

115 1583 202 1652 terim
215 1611 272 1653 nec
287 1589 423 1654 candelas
437 1591 567 1666 absumo,
581 1611 638 1650 nee
653 1603 749 1650 vestes
764 1591 873 1650 detero.
913 1603 922 1618 ¹
1042 1648 1044 1653 .

157 1671 218 1737 Ne.
242 1673 426 1756 Praepostera
440 1673 510 1736 sanir
526 1672 706 1755 parsimonia,
718 1691 834 1734 servare
849 1672 953 1734 vitnun
968 1686 1000 1736 ut
1013 1695 1082 1756 per-

115 1755 167 1818 das
188 1777 327 1838 gemmas.
380 1755 475 1818 Aliter
496 1755 589 1838 sapuit
610 1755 658 1816 ille
679 1755 878 1837 philosophus,
893 1757 943 1840 qui
963 1771 1081 1839 rogatus

115 1837 186 1922 quid
213 1853 290 1902 esset
317 1837 563 1922 pretiosissimum,
591 1839 749 1920 respondit,
778 1852 903 1923 tempus.
974 1839 1080 1918 Porro,

114 1922 183 1984 ciun
197 1935 309 1984 constet
323 1921 481 1984 diluculum
495 1941 560 1982 esse
574 1920 661 1983 totius
677 1921 734 1983 diei
748 1936 860 2004 partem
881 1923 1031 2006 optimam,
1045 1937 1080 1986 tu

114 2006 194 2092 quod
208 2005 238 2068 in
251 2027 284 2068 re
298 2004 503 2089 pretiosissime
515 2004 751 2088 pretiosissimum
765 2019 809 2068 est
822 2004 931 2088 gaudes
942 2007 1078 2090 perdere.

84 2142 87 2149 .
157 2085 223 2152 Pt..
240 2089 291 2152 An
305 2091 362 2152 hoc
376 2089 449 2172 perit
463 2089 541 2173 quod
555 2088 638 2150 datur
650 2090 847 2172 corpusculo?

156 2171 218 2236 Ne.
241 2172 306 2237 lmd
334 2164 498 2236 detrahitur
520 2173 704 2254 corpusculo,
725 2172 803 2256 quod
824 2187 885 2236 tum
909 2173 1079 2236 suavissime

116 2256 239 2320 afficitur
249 2255 436 2338 maximeque
446 2269 597 2339 vegetatur
607 2256 675 2317 cirm
685 2257 860 2338 tempestivo
871 2257 1089 2342 moderatoque-

115 2361 218 2404 somno
232 2341 370 2416 reficitur,
384 2354 413 2402 et
427 2338 568 2402 matutini
582 2337 677 2421 vigilie
689 2340 897 2402 corroboratur.

157 2423 219 2488 Pu.
243 2424 303 2487 Sed
319 2425 404 2486 dulce
419 2435 463 2484 est
477 2422 611 2490 dormire.

157 2507 219 2570 Ne.
243 2507 326 2582 Quid
341 2527 405 2570 esse
420 2519 515 2589 potest
529 2507 614 2568 dulce
628 2503 699 2566 nihil
714 2506 868 2569 sentienti?

158 2589 216 2652 Pt.
242 2591 310 2653 Hoc
325 2591 419 2674 ipsum
434 2590 519 2652 dulce
534 2603 587 2664 est,
602 2589 670 2651 nihil
685 2590 791 2662 sentire
805 2590 950 2654 molestie.

158 2669 218 2736 Ne.
242 2673 332 2755 Atqui
347 2674 400 2735 isto
414 2673 531 2734 homine
553 2671 695 2734 feliciores
718 2687 785 2734 sunt
810 2673 859 2756 qui
884 2675 1029 2738 dormiunt
1050 2687 1095 2739 m'

116 2755 294 2839 sepulchris3
315 2776 385 2817 nam
399 2755 552 2816 dormienti
572 2775 780 2839 nonnunquam
798 2757 939 2820 insomnia
959 2759 1081 2822 molesta

116 2853 192 2902 sunt.

157 2921 221 2988 Pu.
243 2920 335 2983 Aiunt
349 2941 385 2983 eo
399 2941 501 2982 somno
516 2919 644 2984 maxime
658 2920 780 3004 saginari
794 2943 908 3006 corpus.

158 3005 219 3070 Ne.
242 3003 302 3068 Ista
316 3005 428 3087 glirium
443 3005 543 3086 sagina
556 3019 609 3080 est,
619 3026 677 3067 non
691 3005 850 3068 hominum.
895 3007 992 3071 Recte
1007 3009 1081 3092 sagi·

116 3106 219 3155 nanmr
247 3087 379 3150 animalia
407 3108 470 3168 quae
500 3102 632 3170 parantur
661 3088 770 3170 epulis:
805 3089 914 3153 homini
943 3113 1080 3174 quorsum

117 3176 217 3238 attinet
232 3191 380 3234 aoeersere
395 3170 576 3246 obesitatem‚
587 3171 640 3232 nisi
654 3186 686 3234 ut
700 3173 831 3254 graviore
842 3174 953 3238 sarciat
961 3189 1082 3238 onustus

22 3275 23 3278 ’
116 3257 253 3320 incedat?
296 3251 357 3317 Dic
380 3253 461 3329 mihi,
476 3253 499 3314 si
524 3253 663 3316 famulum
685 3256 817 3331 haberes,
840 3258 937 3320 utrirm
959 3259 1082 3322 obesum

21 3351 22 3388 3
114 3341 228 3417 malles,
244 3359 280 3401 an
294 3351 433 3420 vegetum.
444 3349 474 3398 et
488 3337 526 3398 ad
540 3337 637 3398 omnia
651 3339 750 3400 munia
763 3339 911 3404 habilem?

90 3481 93 3486 .
159 3421 219 3485 Pr.
243 3421 335 3504 Atqui
348 3441 407 3482 non
421 3441 486 3482 sum
500 3419 633 3482 famulus.

159 3503 219 3568 Ne.
243 3502 318 3564 Mihi
332 3516 376 3567 sat
391 3516 436 3565 est
453 3504 533 3587 quod
553 3503 715 3566 ministrum
736 3505 837 3570 officiis
858 3521 958 3592 aptum
979 3507 1083 3571 malles

24 3629 28 3636 -
117 3587 205 3673 quim
219 3585 295 3650 bene
315 3585 485 3667 saginatum.
969 3635 975 3644 .
