2492 4038
429 655 552 715 ΞΛΜ
579 654 813 766 nnuma?
902 699 905 706 .

286 1039 650 1120 Hlsuonim
707 1015 960 1120 sicam.

190 1413 278 1476 Duas
293 1393 410 1478 cieavit
423 1415 539 1478 coelum
552 1425 585 1478 et
598 1425 710 1478 terram
724 1416 805 1478 intra
818 1433 871 1478 sex
884 1414 961 1477 dias.

163 1525 164 1532 ι
189 1495 292 1560 Primo
313 1497 364 1562 dia
386 1499 461 1561 feeit
483 1499 596 1562 lucem.
655 1499 802 1562 Secundo
822 1499 873 1561 die
897 1497 972 1560 facit
993 1497 1093 1562 firma·

145 1591 294 1658 mentum,
309 1583 393 1662 quod
406 1582 529 1645 vocavit
541 1581 667 1645 coelum.

188 1664 297 1728 Tertio
318 1665 370 1727 die
392 1666 497 1748 coegit
511 1685 607 1744 aquas
629 1667 661 1728 in
682 1685 778 1727 unum
800 1663 913 1740 locum,
935 1673 968 1726 et
988 1663 1094 1726 eduxit

146 1766 165 1808 e
179 1747 260 1810 terra
275 1747 395 1829 plantas
409 1759 442 1810 et
456 1748 590 1810 arbores.

189 1829 312 1898 Quarto
326 1831 377 1893 die
392 1830 466 1892 fecit
478 1829 576 1892 salem
590 1841 622 1894 et
634 1831 738 1894 lunam
753 1839 786 1893 et
800 1829 915 1892 stellas.

188 1913 310 1982 Quinto
330 1913 382 1975 die
407 1933 478 1976 aves
500 1935 569 1994 quae
584 1913 734 1976 volitant
727 1933 758 1975 ιιι
773 1917 854 1990 ae're,
868 1925 901 1976 et
915 1913 1018 1996 pisces
1039 1933 1093 1996 qm

146 2006 254 2059 natant
268 1996 300 2058 in
314 1995 412 2078 aquis.

189 2079 284 2142 Sexto
298 2081 349 2142 dia
365 2079 440 2142 fecit
453 2081 557 2143 omnia
570 2069 747 2172 animantia,
758 2081 912 2163 postrema
926 2079 1092 2158 heminam,

145 2172 178 2226 et
192 2163 309 2244 quievit
322 2162 373 2226 die
388 2164 529 2246 septimo

601 2289 633 2346 2.

186 2383 273 2448 Deus
287 2383 374 2450 finxit
393 2405 505 2468 corpus
526 2385 658 2448 hominis
678 2405 697 2447 e
719 2383 793 2448 limo
814 2394 914 2461 terra,
935 2381 1023 2447 dedit
1046 2381 1092 2446 illi

144 2460 278 2532 animani
299 2469 461 2545 viventem,
474 2467 552 2542 facit
573 2469 660 2532 illum
681 2469 721 2532 ad
741 2467 974 2531 similitudinem
994 2487 1092 2544 suam,

144 2561 178 2613 et
191 2553 360 2616 nominavit
374 2516 461 2615 illuni
475 2552 664 2616 Adamum.
832 2603 834 2608 -

187 2633 308 2696 Deinde
339 2635 465 2698 immisit
491 2639 634 2716 soporem
661 2633 694 2698 in
721 2633 885 2710 adamum,
907 2644 940 2696 et
960 2631 1093 2740 detraxit

28 2778 31 2784 ,
146 2735 239 2778 unam
253 2736 271 2778 e
286 2717 380 2780 costis
394 2715 460 2798 ejus
474 2717 663 2779 dormientis.
770 2765 773 2772 ,
859 2749 861 2756 1

186 2797 280 2862 Ex
247 2819 286 2862 ea
299 2799 439 2869 sonnavit
458 2799 619 2862 mulierem
640 2819 734 2894 quam
756 2796 844 2863 dedit
868 2799 985 2864 sociam
1007 2799 1092 2864 Ada-

143 2901 205 2958 mo,
219 2881 326 2964 sicque
341 2881 471 2946 instituit
484 2881 723 2945 matrimonium.
1067 2915 1070 2932 ·

187 2965 220 3030 N
220 2985 312 3030 omen
325 2965 432 3049 primae
446 2963 582 3076 mulieris
597 2965 655 3030 fuit
667 2965 743 3029 Eva.

605 3087 635 3148 3.

156 3187 280 3251 Deus
292 3184 396 3270 posuit
419 3184 573 3248 Adamum
587 3196 620 3250 et
633 3185 762 3250 Evam
755 3206 798 3250 m
808 3185 898 3252 horto
923 3185 1093 3252 ainoenissi-

143 3291 205 3347 me,
220 3293 273 3352 qui
264 3269 366 3334 'solet
379 3269 528 3352 appellari
543 3269 706 3335 Paradisus
720 3271 879 3334 terrestris

187 3353 302 3437 Ingens
324 3353 433 3425 fluvius
454 3353 604 3436 irrigabat
624 3351 767 3416 hortum.
799 3365 887 3420 erent
917 3354 961 3418 ibi
985 3373 1093 3418 omnes

145 3438 269 3500 arbores
287 3437 434 3521 jucundas
463 3446 608 3518 aspectu·
638 3447 671 3498 et
701 3435 819 3502 fruetus
849 3449 942 3522 gustu
974 3457 1092 3502 suaves.

145 3519 230 3585 Inter
243 3540 297 3584 aas
311 3521 402 3584 arbor
415 3519 554 3584 scientiae
569 3518 644 3584 boni
658 3529 692 3584 et
704 3520 788 3584 mali.

1105 3155 1109 3164 ⁴
