2472 4038
571 229 640 300 108

124 393 377 506 robustissimum,
392 409 565 494 respondit3
586 408 759 486 Naana,
779 418 896 494 repant
920 410 995 474 enirn
1018 431 1079 474 osn-

123 515 298 660 Μέερίθιιε
312 598 375 642 non
389 588 473 642 amat
490 578 610 670 divitias
632 576 688 642 sed
712 575 850 640 mavult:
871 597 935 640 non
956 577 989 640 in
1010 579 1078 641 ani-

122 681 207 724 mum
221 661 290 724 illas
305 664 360 727 sed
375 663 407 726 in
421 663 547 727 domum
561 662 681 746 recipit.
888 735 896 744 ὴ
1073 702 1080 716 -

164 745 284 809 Domus
308 747 455 830 sapientis
480 757 620 830 agusta,
638 747 705 810 sine
727 744 825 821 cultu,
848 744 914 808 sine
937 744 1080 828 strepitu,

123 829 190 892 sine
216 841 366 912 apparatu
390 841 455 893 est:
476 831 569 894 nullis
591 831 771 894 observatur
792 829 995 912 janitoribus3
1017 829 1079 892 for-

123 923 201 976 tuna
213 933 278 976 non
292 914 420 994 transit3
441 915 501 978 scit
512 935 577 977 non
591 935 659 977 esse
674 912 737 976 illic
753 912 811 975 sibi
826 913 941 975 locum.

166 997 211 1061 Ut
238 998 376 1061 secunda
406 1008 591 1081 tempestate
617 997 799 1081 navigantes
821 996 918 1059 etiam
940 996 1078 1060 adversae

123 1080 267 1164 praesidia
278 1080 310 1144 in
324 1094 469 1166 promptu
483 1082 621 1163 habent3
642 1083 686 1146 ita
700 1081 756 1144 viri
770 1080 926 1163 sapientes
941 1081 972 1144 in
986 1081 1080 1144 rebus

123 1165 269 1228 secundis
282 1165 378 1229 etiam
392 1167 528 1230 adversae
543 1166 674 1230 fortunae
690 1163 827 1230 remedia
839 1164 897 1228 sibi
914 1175 1034 1250 parant.

39 1237 51 1262 ⁸
166 1248 344 1314 Alexander
358 1251 484 1314 cuidam
498 1250 615 1315 civitati
639 1260 760 1332 partem
785 1268 929 1344 agromm
943 1259 976 1312 et
989 1248 1080 1312 dimi-

122 1333 209 1396 diinu
223 1355 325 1398 rerum
338 1335 476 1399 omnium
497 1333 706 1419 promittenti;
726 1331 787 1409 Eo,
806 1333 917 1415 lnquit,
929 1333 1081 1432 proposito

122 1418 155 1482 in
175 1417 278 1482 Asiam
301 1419 375 1497 ceni,
396 1443 457 1484 non
480 1430 513 1483 ut
529 1419 563 1482 isi
582 1419 733 1504 acciperem
754 1417 833 1504 quod
853 1416 1008 1496 dedemus,
1029 1419 1082 1481 sed

123 1513 155 1566 nt
168 1503 203 1565 id
214 1501 352 1568 icbnetis
367 1506 446 1591 quod
458 1503 641 1590 reliquissem.

167 1587 384 1667 Archidamus,
399 1599 470 1673 post
483 1589 606 1652 cladem
631 1586 714 1671 apud
735 1585 939 1650 Chaeroneam
963 1605 1081 1670 accep-

123 1683 198 1749 tam,
217 1673 290 1736 cium
310 1694 329 1736 a
350 1674 494 1756 Philippo
523 1693 598 1757 rege
629 1667 841 1735 Macedonum
863 1671 966 1735 literas
985 1691 1081 1736 acce·

123 1756 220 1838 pissct
243 1757 385 1821 acerbius
405 1757 545 1840 scriptas,
560 1757 605 1819 sic
627 1755 784 1838 rescripsit
795 1777 805 1834 3
825 1756 853 1818 si
871 1755 997 1819 metiaris
1017 1779 1079 1820 nne

122 1839 204 1904 brom
231 1851 319 1917 tuem,
342 1841 565 1926 haudquaquam
588 1840 711 1926 reperies
732 1859 794 1903 eum
812 1839 925 1925 fuctum
944 1839 1080 1926 neumam

80 1963 82 1970 ν
123 1925 209 2010 quim
222 1935 288 1987 ante
302 1924 449 1988 outonem
463 1934 533 1988 erat
1062 1935 1064 1943 '

164 2046 373 2130 Philosophiae
389 2067 542 2112 summum
558 2047 722 2130 Epictetus
735 2047 857 2118 duobus
872 2048 972 2113 verbis
993 2069 1081 2112 ccm-

111 2131 315 2215 ‚prehendere
345 2132 453 2196 solitus
476 2143 544 2196 est:
576 2131 692 2196 Sustine
725 2143 758 2197 et
787 2132 916 2195 abstine.-
947 2154 1079 2215 quorum

123 2217 207 2299 prius
222 2217 369 2280 admonet
392 2227 427 2280 ut
448 2215 531 2280 mala
555 2237 647 2297 aequo
661 2216 765 2280 animo
778 2215 987 2299 perferamus3
1008 2238 1080 2300 pos-

123 2301 228 2378 terius,
242 2310 277 2364 ut
291 2321 311 2362 a
324 2300 534 2383 voluptatibus
548 2310 764 2382 temperemus.

165 2384 332 2467 Dionysius
361 2385 474 2470 junior,
506 2384 612 2468 pulsus
640 2405 660 2446 a
688 2384 859 2468 tyrannide,
880 2393 913 2449 et
943 2395 1080 2468 rogatus,

123 2469 212 2538 Quid
233 2469 279 2532 illi
301 2469 400 2547 Plato,
414 2479 446 2534 et
460 2467 666 2554 philosophica
681 2469 847 2552 disciplina
867 2468 1080 2552 prominent?

127 2553 168 2616 Ut
192 2563 311 2632 tantun
330 2554 439 2638 inquit,
451 2554 584 2639 fortuna
604 2553 787 2618 mutationem
811 2577 894 2640 aquo
919 2552 1016 2617 animo
1030 2553 1081 2638 fe·

123 2659 195 2699 Yam.

165 2739 245 2804 cam
260 2740 391 2804 Athenis
405 2740 532 2822 quidam
557 2740 589 2801 in
614 2739 768 2804 theatrum
792 2741 918 2825 grandis
938 2750 1014 2803 natu
1028 2761 1080 2804 ve·

123 2824 229 2902 nisset,
244 2825 332 2890 locus
346 2823 376 2888 ei
391 2845 411 2887 a
424 2824 487 2886 suis
507 2823 627 2886 civibus
647 2843 800 2906 nusquam
814 2826 905 2890 datus
919 2835 987 2888 est:
1008 2825 1080 2887 cum

124 2919 229 2972 autem
265 2909 305 2972 ad
339 2907 597 2972 Lacedaemonios
629 2906 823 2986 accessisset,
850 2908 1080 2986 consurrexisse

123 3013 232 3057 omnes
247 2992 293 3056 illi
307 2993 462 3068 dicuntur,
476 3002 509 3056 et
523 2987 633 3055 seneui
643 2991 676 3054 in
690 2993 797 3056 sedem
811 3013 898 3056 sumn
912 2991 1080 3074 recepisse.

166 3078 264 3147 Quod
289 3077 343 3141 ubi
365 3075 499 3160 populus
520 3075 650 3158 aspexit,
674 3077 809 3140 maximo
831 3077 942 3160 plausu
967 3075 1080 3140 alienae

123 3161 209 3226 urbis
236 3160 454 3226 verecundiam
477 3160 701 3248 comprobavit.
747 3161 862 3225 Ferunt
890 3171 957 3224 tum
985 3181 1080 3222 unum

123 3263 162 3308 ex
189 3245 438 3312 Lacedaemoniis
462 3243 599 3324 dixisse3
626 3244 715 3331 Ergo
737 3245 923 3308 Athenienses
947 3242 1022 3326 quid
1042 3243 1081 3304 sit

124 3339 229 3393 rectum
241 3332 343 3408 scium,
356 3330 407 3394 sed
420 3327 557 3415 itisucere
567 3329 731 3416 negligunt.
769 3360 771 3364 ·
842 3371 847 3376 -

55 3521 60 3530 ¹
166 3449 348 3516 Alexandro
379 3453 498 3537 Magno
529 3450 681 3515 Corinthii
712 3473 768 3536 per
789 3452 908 3535 legatos
929 3448 1082 3532 gratulati

124 3542 195 3595 sunt
216 3545 249 3598 et
270 3537 395 3602 civitate
418 3537 474 3602 sui
500 3536 587 3600 illum
615 3536 825 3602 donaverunt:
859 3533 931 3598 curn
963 3533 1082 3602 risisset
