2472 4038
605 252 674 323 133

156 431 298 530 inquiens,
325 453 394 496 num
415 431 513 518 proba
531 429 641 516 ιῙῖιττινιι
669 454 708 509 es,
731 431 759 495 ri
785 441 812 494 te
840 443 982 496 mercatus
1002 431 1118 516 suerri

157 527 256 594 ettam,
271 518 359 614 iuquit
374 517 430 592 illa,
449 517 475 578 si
488 526 519 577 tu
541 538 601 578 non
618 515 719 598 saeris
732 526 892 593 mercatus3
914 518 1044 580 indicans
1052 538 1118 580 sese

156 601 258 662 nonin
274 622 445 684 cujusquam
468 601 584 684 gratiam
607 601 778 680 probitatem
801 621 926 676 servare,
940 603 992 662 sed
1014 618 1120 698 suopte

156 683 271 768 ingenio
286 685 419 772 uirtutem
434 685 520 767 ipsius
535 681 626 766 gratiti‘
645 684 759 760 sectari,
775 682 855 766 qubd
878 684 971 745 virtus
984 684 1049 768 ipsu
1070 705 1119 746 ms

141 767 283 852 'pretium
297 777 346 830 est.
520 781 525 785 '

200 850 258 912 Le.
282 850 445 912 Masculam
474 850 543 912 sanir
564 871 668 928 vocem
693 847 781 910 edidit
806 849 913 930 puella.
973 848 1118 912 Ceterum

156 935 266 1016 insigne
282 935 350 995 mihi
366 935 479 995 videtur
492 933 663 1015 exemplum
683 932 818 993 adversus
834 931 976 993 fortunam
1000 933 1119 1016 quamli-

156 1019 207 1080 bet
221 1018 416 1078 blandientem
431 1017 607 1090 constantie,
623 1015 702 1099 qu'od
726 1016 794 1076 cirm
815 1013 955 1098 Philippo
974 1015 1120 1078 Macedo-

157 1122 227 1161 num
250 1101 312 1181 regi
335 1116 390 1162 tres
410 1101 523 1162 eximie
546 1099 694 1162 felicitates
716 1098 819 1160 eodem
835 1098 882 1160 die
904 1099 1118 1176 nunciarentur,

156 1183 237 1266 quod
252 1183 282 1244 in
298 1183 442 1265 Olympiis
465 1183 588 1258 vicisset,
611 1182 690 1266 quod
712 1183 773 1243 dux
796 1181 940 1243 exercitus
962 1181 1117 1246 Parmenio

158 1266 257 1348 praelio
271 1265 433 1348 superisset
446 1266 609 1342 Dardanos,
621 1267 699 1348 qubd
713 1285 787 1327 uxor
796 1265 950 1348 Olympias
962 1265 1013 1348 ipsi
1028 1265 1117 1328 filium

156 1365 238 1430 esset
259 1350 355 1424 enixe,
377 1350 494 1411 sublatis
514 1350 541 1410 in
564 1351 672 1412 coeium
695 1349 825 1410 manibus
851 1366 984 1430 precatus
1008 1363 1061 1426 est,
1086 1362 1119 1411 ut

157 1431 246 1494 Deus
258 1443 368 1494 tantam
375 1432 599 1516 prosperitatem
607 1442 760 1516 pateretur
770 1431 826 1494 levi
839 1431 978 1516 quopiam
990 1431 1119 1513 insorttt·

156 1514 209 1578 nio
225 1515 350 1600 expiari.

200 1599 252 1662 At.
276 1599 376 1662 Hodie
390 1599 466 1660 nulla
481 1613 525 1660 est
538 1611 616 1660 tanta
630 1598 802 1681 prosperitas
815 1598 898 1682 cujus
912 1597 1043 1660 invidiam
1058 1619 1121 1662 me·

158 1697 221 1746 tuat
242 1683 403 1766 quispiam3
433 1681 484 1744 sed
510 1683 629 1765 perinde
652 1681 774 1766 jactant,
798 1681 821 1742 si
846 1681 915 1764 quid
940 1683 1119 1761 successerit,

160 1767 240 1862 quasi
259 1767 303 1828 vel
317 1780 432 1828 mortua
450 1766 498 1827 vel
512 1767 597 1838 surda
612 1780 689 1827 esset
703 1763 848 1827 Nemesis.
894 1763 967 1827 Haec
982 1765 1120 1828 merenda

159 1871 184 1912 sr
199 1851 279 1911 vobis
302 1850 407 1932 placet,
430 1850 478 1911 hic
498 1850 624 1911 hortulus
646 1870 712 1910 eam
734 1849 816 1910 vobis
838 1849 949 1932 quoties
974 1849 1120 1910 volueritis

162 1933 321 2008 exhibebit,
336 1953 423 2014 quem
436 1933 494 1994 boc
518 1933 741 2017 colloquio‘non
766 1931 861 1994 mimis
876 1931 1007 2016 jucundo
1032 1931 1120 2016 quim

163 2013 207 2076 fiu
227 2014 298 2076 'sero
313 2013 437 2076 dicistis.

238 2119 267 2160 o.
289 2097 427 2160 Profecto
448 2119 504 2161 nec
518 2099 638 2182 Apicius
661 2097 801 2182 potuisset
822 2097 933 2160 discum
955 2097 1120 2160 suaviorem

160 2201 318 2264 apponere.
362 2183 463 2256 Quare
485 2205 538 2245 nos
562 2183 732 2266 expectabis
754 2181 929 2265 frequenter,
951 2179 1040 2243 modo
1053 2181 1120 2244 boni

158 2265 292 2327 consulas
308 2267 386 2348 quod
405 2287 482 2329 nunc
505 2267 650 2329 attulimus
657 2289 666 2345 3
687 2287 745 2328 non
771 2287 833 2356 que
856 2265 941 2349 digua
962 2279 1043 2327 erant
1064 2264 1121 2327 tuis

157 2349 284 2424 auribus,
300 2348 352 2410 sed
375 2371 439 2432 que
460 2370 519 2410 non
543 2349 744 2430 premeditatis
768 2363 909 2412 venerunt
929 2349 958 2410 in
980 2360 1116 2410 mentem.

156 2431 293 2494 Meditari
307 2431 428 2492 lautiora
441 2431 632 2512 proferemus
933 2445 936 2450 “

203 2512 256 2577 Al.
279 2511 350 2576 Hbc
365 2513 443 2575 eritis
457 2513 604 2596 gratiores.

546 2849 630 2904 GOL.
652 2847 731 2904 vm.

278 2979 442 3038 cossurus,
464 2979 630 3034 eruemus,
652 2979 844 3037 ronrcmms,
860 2981 1006 3024 curcrors.

204 3088 356 3153 Eusebius.
379 3089 465 3164 Quas
478 3113 570 3154 novas
581 3113 650 3154 aves
659 3091 707 3156 hic
717 3093 826 3156 video?
848 3093 913 3157 Nisi
924 3088 1117 3154 enimussa'ilit

118 3204 120 3208 ¹
159 3195 218 3249 me,
230 3187 279 3236 aut
292 3174 370 3236 oculi
380 3196 483 3258 pamm
498 3197 565 3259 pros
586 3175 684 3253 icium,
699 3178 784 3240 video
798 3192 855 3240 tres
870 3188 983 3237 veteres
996 3194 1117 3256 conger-

157 3278 244 3322 rones
258 3278 342 3320 meos
356 3259 547 3338 considentes,
561 3199 741 3346 iampbum,
749 3260 944 3344 Polygamum
956 3269 986 3318 et
996 3255 1118 3341 Glycio·

68 3394 72 3400 .
157 3365 236 3406 nem.
282 3339 374 3404 Certe
388 3355 454 3404 suut
467 3342 530 3426 ipsi.
1060 3353 1072 3372 ¹

192 3424 366 3510 Pompieus.
383 3425 467 3499 Quid
477 3427 526 3489 tibi
536 3427 577 3490 vis
587 3450 656 3492 cum
666 3429 721 3492 tuis
731 3424 825 3488 vitreis
836 3421 935 3500 oculis,
946 3421 1118 3492 fascinator?

159 3507 349 3593 Congredere
362 3510 494 3658 prppius,
509 3509 628 3576 Eusebi.
