2472 4038
571 207 665 314 rso

169 417 375 502 Htironymus.
398 417 537 483 Proiecto
551 411 629 483 miris
643 419 739 483 modis
752 420 877 484 arrident
897 417 1002 482 omnia.

128 584 148 648 d
169 501 305 647 gambas.
328 501 453 586 Oportet
473 503 551 569 hunc
574 505 688 567 hortum
710 503 807 588 atique
827 499 1097 586 compotatiunculd

150 606 167 648 e
188 606 273 648 rcere.

169 667 360 731 Laurentius.
384 666 483 731 Recth
498 683 596 733 monet
609 683 706 733 noster
719 669 855 732 Jacobus.

169 750 220 813 Al.
244 751 367 813 Talibus
381 753 524 834 mysteriis
543 753 607 836 jam
628 753 696 815 olim
718 753 841 816 initiatus
864 765 908 814 est
929 751 976 813 hie
998 751 1091 812 loeus.

129 832 243 896 Verirm
257 833 358 896 scitote
372 835 441 896 nihil
454 834 503 898 hle
518 855 582 898 esse
606 837 685 898 unde
707 836 789 898 vobis
812 835 982 898 merendam
1007 835 1094 894 exhi-

127 917 225 992 beam,
236 917 289 979 nisi
300 917 395 999 placet
406 915 513 1002 absque
524 918 591 980 vino
602 919 792 1002 compotatio:
807 919 935 980 lactucas
947 937 1092 1012 apponam

129 1001 238 1083 absque
259 1001 329 1075 sale,
352 1013 435 1062 aceto
456 1015 486 1063 et
506 1002 582 1078 oleo,
597 1001 655 1063 vini
676 1002 783 1084 guttula
803 1023 861 1063 non
875 1013 930 1076 est,
944 999 998 1062 msi
1011 999 1094 1082 quod

129 1082 398 1179 gignithicputeus.
436 1082 485 1146 Ne
492 1084 574 1182 panis
584 1085 701 1181 quidem
710 1083 1006 1185 adestautpoculum,
1017 1095 1047 1144 et
1056 1103 1096 1144 ea

128 1181 332 1312 ayt&
343 1187 514 1312 toltit
537 1168 837 1326 ,ttlttlttttl
850 1180 1004 1334 {tlh
1026 1249 1094 1312 nu

133 1333 293 1396 dicabimus
307 1333 431 1409 hortum,
446 1333 470 1395 si
484 1334 578 1396 minus
591 1333 659 1396 licet
672 1332 814 1396 convivio.

171 1416 222 1480 sil.
245 1415 396 1490 Quoniam
410 1429 470 1478 tarn
493 1417 559 1478 belli
580 1416 747 1479 homunculi
770 1417 976 1492 convenimus;
997 1415 1093 1479 habeo

131 1501 268 1586 quiddam
283 1500 361 1583 quod
375 1500 424 1562 vel
437 1500 531 1561 lusum
546 1500 594 1561 vel
608 1499 775 1562 convivium
790 1499 880 1582 possis
902 1500 1009 1578 dicere,
1022 1498 1096 1563 meh

130 1583 271 1648 sententiis
284 1583 376 1646 multo
390 1583 503 1666 dignius
517 1583 554 1645 ad
567 1583 646 1645 hunc
659 1584 772 1646 homun
785 1582 962 1646 initiandum.

178 1667 231 1730 Ca.
256 1666 438 1741 Quodnam?
473 1707 475 1714 ι

171 1750 222 1812 Αἱ.
246 1751 339 1812 Suum
368 1749 488 1832 quisque
527 1750 690 1832 symbolum
726 1749 872 1829 conseram
906 1771 965 1813 non
1001 1749 1097 1812 deerit

129 1834 249 1910 lautum,
264 1853 319 1894 nec
333 1832 427 1894 minis
442 1853 531 1894 suave
544 1833 720 1895 convivium.

171 1914 329 1998 AEmyliru.
354 1913 438 1988 Quid
452 1915 618 1992 adserimus,
633 1915 682 1998 qui
696 1917 780 1978 vacui
794 1918 852 1980 huc
867 1917 1052 1980 venerimus?

170 1999 221 2064 Al.
246 1998 353 2075 Vacci,
369 1997 418 2082 qui
433 2011 545 2061 tantum
559 2019 650 2081 opum
664 1999 871 2062 circumferatis
885 2001 914 2064 in
928 2001 1070 2084 pectore?

170 2084 225 2147 Fr.
250 2082 453 2165 Expectemus
468 2083 537 2166 quid
551 2083 632 2144 velis.

169 2167 222 2232 Al.
245 2165 378 2230 Proserat
393 2167 421 2228 in
437 2165 566 2228 medium
581 2166 658 2250 quod
673 2165 793 2250 quisque
808 2187 862 2250 per
882 2167 957 2230 hono
979 2165 1092 2227 hebdo-

129 2253 246 2319 madam
261 2250 329 2332 legit
344 2249 597 2332 elegantissimum.
929 2277 933 2286 ·
1108 2295 1112 2301 .

63 2341 65 2347 ’
174 2336 231 2420 Gy.
256 2330 352 2397 Recte
368 2352 486 2407 mones3
508 2332 576 2393 nihil
591 2331 636 2392 vel
651 2331 813 2415 hujusmodi
826 2331 1035 2408 conviviimel
1059 2345 1090 2394 te

127 2421 322 2493 convivatore,
334 2416 381 2478 vel
395 2415 530 2477 hocloco
545 2414 665 2496 dignius.
709 2413 756 2475 Te
768 2415 852 2499 hujus
862 2415 972 2477 consilii
981 2414 1089 2476 ducern

20 2575 21 2594 ἶ
128 2523 285 2586 sequemur
298 2520 411 2562 omnes.

168 2585 218 2647 At.
243 2585 294 2645 Nil
308 2603 421 2658 recuso,
436 2582 460 2643 si
475 2582 554 2643 vobis
569 2581 607 2643 ita
621 2583 741 2644 videtur.
788 2580 886 2643 Hodie
901 2581 1089 2643 vehementer

127 2666 281 2729 delectavit
303 2665 431 2726 animum
461 2685 560 2725 meum
585 2665 613 2725 in
637 2665 752 2727 homine
775 2683 832 2726 non
854 2665 1007 2726 christiano
1028 2677 1088 2725 tam

20 2771 22 2836 ς
124 2749 279 2814 christiana
308 2747 460 2808 sententia.
504 2745 635 2807 Phocion
657 2747 744 2822 enim,
768 2769 825 2828 quo
847 2749 895 2809 vix
917 2747 989 2808 alius
1010 2745 1088 2828 apud

20 2855 22 2902 t
126 2831 323 2896 Athenienses
338 2827 390 2890 fuit
404 2828 446 2889 vir
459 2827 582 2890 sanctior
596 2829 774 2912 publicaque
789 2831 911 2892 utilitatis
926 2829 1087 2906 studiosior,

126 2939 194 2980 cum
211 2935 263 2999 per
277 2913 412 2985 invidiam
427 2911 579 2973 damnatus
590 2925 667 2992 esset
677 2911 815 2973 bibiturus
825 2913 961 2988 cicutam,
972 2926 1088 2995 rogatus

126 3003 162 3062 ab
178 2998 276 3061 amicis
291 2996 360 3080 quid
372 2995 459 3056 vellet
469 2994 626 3056 etiamnum
637 2995 767 3057 mandari
777 2996 839 3057 filiis
849 2997 917 3072 suis,
929 2993 979 3059 Ne
990 2993 1087 3078 hry'us,

125 3085 226 3168 inquit,
241 3079 357 3164 injurie
372 3076 464 3140 uelint
478 3099 606 3160 unquam
620 3076 787 3139 meminisse.

167 3168 227 3229 Ba.
252 3163 330 3226 Tam
355 3161 470 3256 insignis
496 3162 640 3242 petientiae
665 3163 834 3243 exemplum
856 3161 906 3223 vix
928 3161 1016 3222 hodie
1040 3180 1087 3221 re-

125 3252 219 3333 perias
232 3249 306 3310 inter
328 3245 535 3308 Dominrcanos
557 3257 587 3304 et
610 3243 827 3306 Franciscanos.
870 3244 971 3327 ltaque
993 3243 1087 3304 simile

20 3371 21 3384 2
125 3334 258 3406 referam,
284 3329 401 3413 quando
426 3348 479 3408 par
503 3347 562 3386 non
591 3347 719 3406 possum.
773 3326 915 3388 Aristides
940 3325 1087 3388 Phocioni

20 3447 21 3472 }
124 3415 284 3476 simillimus
299 3408 361 3472 era‘t
375 3409 501 3471 moribus
515 3407 772 3489 incorruptissimis,
788 3409 862 3470 adeo
876 3424 908 3471 ut
922 3410 1026 3490 vulgus
1047 3407 1087 3470 tlh

20 3499 27 3562 ἶ·
125 3495 207 3560 Justi
220 3494 349 3556 tribuerit
363 3506 536 3572 cognomen.
580 3489 631 3575 Oh
643 3490 728 3574 hujus
741 3493 918 3574 cognominis
940 3491 1086 3568 invidiam,
