2472 4038
456 227 471 242 '
562 257 639 354 ¹es

135 448 223 504 erent
246 437 423 522 philosophi
446 459 510 520 prae
533 437 655 501 ceteris
677 435 875 500 hominibus?
902 433 952 512 Ut,
977 435 1087 519 inquit,

133 524 160 584 si
173 545 266 587 omncs
279 522 356 610 leges
370 521 549 599 abokontur,
564 520 741 605 tonunjustc’
754 519 857 582 victuri
870 519 966 582 dmm.

543 667 684 722 ERROR.

175 769 325 834 Omnium
337 779 386 832 est
400 767 580 832 facillimum
595 767 731 850 seipsum
744 767 902 849 decipere.

176 853 427 935 SapientissImus
448 852 616 932 aliquando
644 871 664 913 a
688 851 846 932 proposito
874 859 972 914 errat:
993 869 1087 915 nemo

133 958 265 1020 usquam
278 937 340 1000 loci
362 945 427 998 tam
440 935 557 1017 peritus
571 935 713 998 inventus
738 933 795 998 luit
817 935 1004 1019 sagittarius,
1019 946 1054 998 ut
1067 955 1088 997 a

133 1041 231 1102 scopo
244 1039 401 1100 nunquam
416 1019 613 1082 aberraverit.
1078 1041 1084 1053 ·

174 1105 278 1168 Nemo
299 1112 381 1166 errat
402 1103 461 1165 sibi
483 1101 591 1180 solium,
620 1102 676 1166 sed
703 1102 892 1176 dementiam
913 1101 1032 1185 spargit
1053 1101 1086 1164 in

134 1188 289 1271 proximos
304 1185 483 1269 accipitque
497 1185 642 1250 invicem.

175 1271 314 1353 Simplex
335 1271 413 1334 recti
438 1290 514 1332 cura
531 1281 589 1347 est,
602 1268 765 1353 multiplex
783 1269 902 1346 erroris,
916 1281 949 1332 et
963 1289 1085 1352 semper

133 1375 229 1419 novas
242 1354 467 1418 declinationes
482 1353 588 1417 habet.
915 1411 921 1416 ,

158 1437 302 1502 ‘veritas
317 1438 435 1520 aliquid
449 1447 620 1502 extremum
633 1447 691 1515 cst,
704 1458 789 1501 error
802 1447 851 1502 cst
863 1437 1040 1502 immensus.

515 1593 703 1647 AMICITIA.

173 1705 318 1768 Solitudo
338 1713 386 1768 est
407 1704 471 1767 vita
492 1703 558 1766 sine
591 1702 709 1778 amicis,
731 1701 910 1766 insidiarum
931 1713 965 1766 et
985 1701 1085 1767 metris

129 1787 244 1870 plena:
264 1788 344 1852 ratio
358 1787 426 1869 ipsa
438 1796 545 1851 monet
559 1785 712 1848 amicitias
726 1807 845 1868 parare.

170 1871 321 1937 Amicitia
342 1891 415 1933 cum
428 1870 587 1952 voluptate
601 1869 736 1932 maximi
754 1869 972 1934 connectitur:
997 1871 1084 1934 laeta-

126 1973 194 2101 mpr
208 1955 294 2018 enim
315 1954 485 2018 amicorum
509 1953 628 2031 laetitii,
642 1963 675 2018 et
689 1954 804 2037 pariter
823 1954 965 2018 dolemus
986 1976 1083 2040 ango·
1117 1991 1122 1998 =

126 2059 151 2100 n
169 2059 291 2186 dicem
312 2124 406 2186 modo
427 2122 551 2205 sapiens
581 2123 640 2186 erit
669 2121 800 2186 affectus
831 2143 906 2207 erga
935 2124 1081 2200 amicum,

126 2227 188 2287 quo
216 2206 250 2270 in
278 2208 434 2290 seipsum:
465 2227 604 2289 quosque
630 2207 752 2269 labores
774 2217 899 2288 propter
920 2211 1008 2268 suam
1028 2229 1082 2270 vo-

67 2305 72 2318 '
125 2289 279 2371 luptatem
309 2291 467 2372 suscipiat,
494 2291 623 2354 eosdem
654 2289 803 2372 suscipiet
827 2299 952 2373 propter
987 2291 1081 2354 amici

124 2373 390 2522 miiiriiiniuua
410 2469 468 2536 est,
490 2459 574 2540 quoa
603 2458 726 2536 ascitur,
747 2457 848 2521 murra
875 2457 984 2520 muta
1011 2457 1082 2522 rus

122 2539 207 2602 simol
219 2543 343 2606 edendos
357 2565 423 2619 esse,
437 2553 469 2606 ut
482 2543 613 2607 ammitr'ae
626 2565 727 2606 munus
735 2540 891 2628 perfectum
904 2541 951 2604 sit.

164 2704 253 2850 lglillril
276 2709 365 2788 aequis
388 2709 529 2772 oblectat
547 2709 682 2772 animum
694 2711 797 2790 *quim
821 2710 960 2775 amicitIa
980 2711 1081 2775 fidelis

122 2799 155 2852 et
191 2811 212 2850 u
225 2810 282 2851 crs.

165 2872 331 2941 Quantum
352 2873 469 2936 bonum
490 2884 538 2938 est
558 2874 612 2936 ubi
637 2885 709 2938 sunt
740 2889 914 2959 praeparata
941 2890 1080 2963 pectora,

123 2957 156 3021 in
170 2977 240 3038 quae
256 2958 321 3019 tute
337 2967 493 3020 secretum
515 2978 606 3021 omne
628 2959 809 3038 descendat,
824 2982 954 3042 quorum
980 2985 1081 3028 senno

123 3040 354 3104 solicitudinem
375 3039 482 3118 leniat,
497 3041 652 3108 sententia
671 3044 837 3108 consilium
860 3047 1017 3130 expediat,
1035 3047 1082 3111 hi-

124 3123 229 3187 laritas
244 3123 398 3186 tristitiam
412 3123 551 3208 dissipet.
838 3182 840 3186 ,

166 3207 271 3269 Amici
293 3217 439 3289 aspectus
467 3209 569 3270 suavis
591 3219 659 3272 est:
690 3213 823 3293 excepti
852 3214 1014 3296 sapientie,
1036 3214 1082 3277 nil

124 3289 235 3350 melius
256 3291 364 3353 datum
395 3300 443 3352 est
471 3291 588 3354 homini
611 3313 631 3355 a
651 3293 709 3356 diis
732 3294 956 3360 immortalibus
988 3297 1082 3377 quam

125 3369 284 3462 amicitia:
306 3373 381 3454 quid
401 3375 486 3437 enim
505 3375 629 3438 dulcius
650 3378 743 3457 quim
771 3379 896 3457 habere3
921 3401 995 3443 cum
1017 3400 1083 3462 quo

125 3467 229 3512 omme
241 3454 286 3515 sic
302 3456 387 3537 loqui
402 3459 510 3540 possis,
525 3469 560 3522 ut
574 3453 703 3524 tecu'm?

168 3530 288 3598 Aurum
302 3538 384 3620 ignis
399 3543 520 3622 probat,
535 3543 652 3608 arnicos
666 3544 795 3610 adversa
809 3547 941 3612 fortuna.
