2472 4038
602 249 670 318 107

198 431 333 495 Facilius
347 438 396 492 est
414 437 628 511 paupertatem
650 427 777 492 laudare
801 427 894 509 quun
916 426 995 490 ferre
1006 447 1016 505 3
1036 441 1111 488 ccu-

152 535 208 578 sus
221 517 253 578 in
268 513 378 578 castris
392 513 531 575 ordinem
546 522 716 594 promovet.

196 599 234 662 In
249 618 376 662 carcere
402 597 548 659 Socrates
567 595 746 678 disputavit,
761 604 794 658 et
815 595 898 657 exire
922 592 1043 671 noluit;
1065 611 1113 654 re-

150 683 340 763 mansitque,
354 691 390 744 ut
402 681 531 742 duarum
546 699 647 742 rerum
668 678 916 762 gravissimarum
937 675 1113 741 hominibus

149 777 272 831 metum
286 767 435 852 demeret,
449 763 554 826 mortis
569 774 602 826 et
615 763 761 826 carceris.

438 899 503 954 DEI
533 900 843 956 BENEVOLENTIA.

197 973 285 1037 Deus
308 972 444 1034 humano
464 971 572 1054 generi
594 972 751 1054 praecipue
769 970 940 1032 ministrat:
961 969 994 1032 in
1016 967 1114 1052 primi

150 1059 260 1120 verum
273 1055 495 1120 constitutione
518 1055 656 1118 rationem
680 1054 797 1118 homiui
821 1053 927 1118 dedit:
950 1053 1010 1117 hac
1025 1062 1113 1116 ante·

150 1141 297 1204 cedimus
312 1139 466 1216 animalia,
481 1139 583 1201 Deum
597 1139 762 1219 sequimur.

199 1225 291 1294 Quid
312 1233 415 1286 autem
437 1222 540 1285 ratio?
563 1222 650 1286 Nihil
664 1223 750 1286 aliud
772 1223 864 1305 quarn
878 1221 973 1286 divini
988 1219 1112 1306 spiritrls

153 1328 230 1391 pars
245 1308 276 1371 in
290 1328 401 1389 corpus
414 1305 582 1369 humanum
595 1327 705 1370 mersa.

201 1392 275 1474 Ipsa
288 1390 394 1454 formae
410 1400 523 1454 nostrae
538 1390 737 1472 pulchritudo
760 1389 863 1454 Deum
882 1389 994 1454 fatetur
1018 1390 1112 1454 artili-

154 1496 228 1539 cem
236 1499 247 1556 ;
268 1473 369 1537 vultus
383 1484 515 1550 erectus,
530 1474 614 1537 oculi
629 1475 662 1538 in
677 1474 908 1551 summo‚veluti
923 1474 956 1536 in
972 1472 1112 1558 speculo,

155 1558 327 1636 constituti,
341 1569 374 1623 et
387 1579 496 1622 omnes
510 1559 617 1622 caeteri
642 1579 750 1622 sensus
771 1558 857 1622 velut
878 1559 910 1620 in
932 1577 1004 1622 arce
1026 1578 1112 1622 com-

155 1644 259 1727 positi.

197 1727 285 1792 Nihil
299 1727 332 1791 in
347 1727 472 1791 homine
495 1728 703 1792 membrorum
716 1737 765 1792 est
785 1728 869 1810 quod
892 1748 956 1790 non
976 1725 1111 1790 necessi·

154 1813 271 1877 tudinis
286 1833 382 1876 causa
395 1812 435 1875 sit
449 1821 482 1875 et
496 1812 628 1876 decoris.

197 1897 262 1960 Ver
276 1897 366 1979 aequ'e
381 1917 453 1959 cum
468 1896 530 1960 suis
545 1897 681 1974 floribus,
695 1905 728 1960 et
741 1907 833 1962 aestas
847 1917 919 1960 cum
944 1896 1007 1960 suis
1029 1915 1110 1960 mes-

156 1981 253 2058 sibus,
266 1991 300 2043 et
313 1979 452 2043 autumni
468 1981 628 2045 maturitas
652 1991 750 2065 grate,
765 1992 926 2044 auctorem
945 2002 1034 2044 suum
1055 2001 1110 2066 pa-

157 2073 339 2146 rentemque
353 2075 512 2128 testantur.

429 2204 567 2260 RERUM
594 2204 833 2262 DISSOLUTIO.

77 2367 80 2375 Α
198 2291 279 2357 Haec
300 2293 408 2356 mundi
430 2292 550 2368 domus,
579 2289 695 2354 coelum
725 2311 849 2373 quoque
871 2311 944 2354 cum
965 2287 1109 2354 omnibus

153 2400 224 2462 quae
239 2377 323 2441 coelo
336 2377 537 2440 continentur
551 2377 605 2452 ite,
619 2387 655 2438 ut
668 2386 840 2464 eruperunt,
853 2374 1007 2437 desinent.

196 2463 318 2541 Corpus
339 2481 442 2536 omne,
456 2460 520 2521 sive
545 2461 658 2522 arescit
678 2459 711 2522 in
731 2459 898 2540 pulverem,
913 2457 977 2520 sive
1001 2457 1034 2519 in
1052 2457 1109 2520 hu·

154 2564 274 2610 morem
295 2541 432 2619 solvitur,
459 2541 509 2604 vel
532 2541 565 2604 in
585 2543 722 2604 cinerem
750 2541 970 2624 comprimitur,
994 2540 1109 2606 subdu·
1191 2597 1208 2610 s

154 2629 237 2693 citur
250 2627 352 2702 nobis,
367 2647 386 2688 a
400 2625 470 2689 Deo
483 2625 705 2690 elementorum
719 2625 849 2690 custode
864 2635 1042 2689 reservatur.

196 2711 252 2777 Sol
274 2710 429 2794 demergit
450 2719 483 2774 et
503 2709 661 2773 nascitur:
692 2709 783 2774 flores
804 2709 954 2774 occidunt
974 2721 1007 2775 et
1031 2709 1108 2775 revi-

153 2797 294 2876 viscunt3
316 2794 546 2878 expectandum
559 2794 650 2859 nobis
664 2795 758 2860 etiarn
772 2794 911 2878 corporis
925 2813 978 2859 ver
992 2806 1050 2859 est.

196 2964 387 3048 Pythagoras
411 2963 577 3028 familiares
601 2983 673 3026 suos
694 2962 884 3040 hortabatur,
898 2973 934 3026 ut
957 2961 1108 3107 optimum

153 3048 276 3113 vivendi
291 3068 390 3130 genus
411 3047 470 3112 sibi
491 3047 665 3131 deligerent
676 3071 685 3127 ;
706 3045 844 3129 quamvis
864 3047 949 3110 enun
988 3041 1108 3107 aborio-

154 3151 224 3198 sum
239 3141 329 3206 esset‚
344 3132 569 3194 consuetudine
584 3141 688 3194 tamen
702 3131 874 3216 jucundum
888 3130 964 3193 lore.

198 3213 387 3278 Anacharsis
401 3215 487 3297 leges
501 3235 682 3278 aranearum
702 3215 772 3285 telis
792 3212 1015 3296 comparabat;
1036 3229 1110 3274 nam

153 3309 191 3362 ut
214 3297 283 3360 illas
307 3297 474 3361 infirmiora
487 3297 634 3362 animalia
655 3301 797 3376 retinere,
822 3295 992 3360 valentiora
1012 3305 1110 3358 trans-

154 3383 276 3446 mittere
288 3405 297 3460 3
318 3381 363 3443 ita
377 3380 424 3446 his
437 3382 569 3446 humiles
582 3393 614 3447 et
627 3405 780 3468 pauperes
804 3378 985 3462 constringi,
998 3379 1109 3446 divites

155 3477 189 3530 et
201 3476 346 3548 potentes
360 3487 423 3528 non
437 3465 568 3551 alligari.

198 3549 324 3628 Thales,
340 3549 544 3634 interrogatus
558 3551 633 3635 quid
657 3561 741 3616 essct
755 3549 786 3613 in
807 3548 873 3615 tota
886 3569 988 3616 rerum
1001 3551 1111 3616 natural
