2492 4038
501 243 634 342 ,aa

571 427 639 484 121.

173 523 243 592 Rex
262 524 427 608 indignans
449 527 626 608 respondit:
648 526 752 607 inique
775 527 860 603 feeit,
876 526 1014 608 quisquis
1029 525 1082 589 ille

131 619 196 688 est;
218 630 274 691 pro
289 630 346 672 ove
361 609 475 686 ablata,
490 620 622 691 quatuor
635 630 708 674 oves
722 611 841 674 reddet.

172 694 256 756 Tum
270 693 422 775 propheta
436 695 560 776 aperte:
582 704 625 770 tu,
648 694 700 771 ait,
716 704 749 756 tu
768 714 802 768 es
816 693 874 756 iste
888 694 953 756 vir:
974 702 1006 756 te
1021 691 1085 756 De-

130 799 167 840 us
180 777 271 842 bonis
290 777 431 840 omnibus
446 777 623 852 cumulavit,
650 787 681 839 te
705 798 812 860 regem
835 777 919 854 fecit,
934 787 965 839 te
980 777 1021 838 ab
1035 776 1080 840 itt

131 861 234 924 Saiilis
257 860 407 938 liberavit,
422 860 479 924 tibi
504 860 622 944 regiam
642 862 778 938 domum,
804 861 905 944 regias
927 881 1003 942 oper
1024 870 1086 923 tra-
1139 885 1141 890 ·

129 946 219 1008 didit.
248 989 251 994 ,

171 1030 235 1091 Cur
248 1049 324 1110 ergo
346 1049 474 1091 uxorem
494 1028 579 1092 Uriae
602 1027 752 1110 rapuisti?
774 1049 831 1090 cur
844 1028 942 1090 virum
966 1027 1085 1088 innoxi-

127 1133 190 1188 um,
205 1111 304 1174 virum
318 1113 374 1174 tibi
388 1112 584 1188 militantem,
598 1112 704 1194 gladio
727 1111 862 1174 hostium
876 1110 1058 1173 interfecisti
1072 1110 1085 1172 ,Ρ

168 1195 229 1260 His
254 1196 414 1278 prophetae
438 1196 539 1258 verbis
560 1207 662 1258 motus
684 1195 785 1258 David
806 1196 933 1278 culpam
958 1193 1087 1278 agnovit

125 1291 158 1343 et
165 1278 335 1350 ,confessus
349 1289 407 1342 est.

167 1363 228 1426 Cui
243 1363 416 1444 propheta:
438 1363 505 1439 tibi,
520 1363 630 1444 inquit,
644 1363 730 1427 Deus
744 1364 903 1426 condonat
917 1370 1086 1443 peccatum

124 1457 213 1510 tuum
225 1469 235 1526 3
258 1457 396 1510 attamen
410 1447 501 1524 filius,
516 1448 570 1528 qui
584 1458 675 1510 natus
689 1457 737 1510 est
751 1447 818 1523 tibi,
831 1445 990 1508 morietur.

571 1575 640 1632 122.
655 1635 659 1642 ,

163 1688 265 1752 Paula
291 1689 362 1769 pust
382 1688 481 1752 infans
503 1689 534 1751 in
555 1709 682 1772 gravem
702 1689 845 1751 morbum
866 1685 995 1766 incidit;
1028 1706 1084 1768 per

119 1782 244 1853 septem
259 1772 328 1834 dies
342 1773 443 1834 David
457 1773 489 1834 in
503 1793 620 1856 magno
641 1771 728 1834 luctu
753 1771 820 1846 lixit,
836 1769 910 1834 cibo
925 1769 1086 1833 abstinens

118 1865 378 2020 etllileu'iseptimo
393 1937 494 2001 infans
507 1949 647 2010 mortuus
660 1948 718 2015 est,
733 1958 793 2002 nec
808 1937 875 2000 ausi
890 1947 962 2000 sunt
977 1933 1094 2004 famuli

22 2089 27 2096 ,
116 2021 148 2083 id
162 2021 234 2104 regi
251 2021 415 2084 nunciare.

158 2106 258 2174 Quos
273 2115 310 2166 ut
323 2105 400 2168 vidit
421 2105 523 2168 David
543 2105 750 2183 mussitantes,
765 2103 929 2181 intellexit,
944 2104 977 2166 id
999 2103 1085 2186 quod

114 2199 191 2264 erat,
207 2195 372 2252 mortuum
388 2209 456 2252 esse
471 2189 631 2252 infantem.
832 2208 834 2212 ·

154 2273 267 2348 Tunc,
292 2271 381 2334 luctu
400 2273 553 2354 deposito,
574 2273 665 2356 jussit
686 2271 744 2336 sibi
767 2271 884 2355 apponi
906 2271 1007 2347 eibos,
1028 2271 1087 2333 mi-

112 2355 326 2436 rantibusque
346 2355 457 2418 aulicis
479 2356 577 2418 dixit:
598 2367 771 2439 aegrotante
796 2355 937 2438 puemlo‚
960 2354 1087 2439 jejunus

112 2439 259 2513 orabam,
290 2457 419 2520 sperans
447 2437 570 2514 scilicet
591 2439 694 2502 Deum
716 2439 835 2522 placari
858 2459 970 2522 posse;
1001 2457 1086 2500 nunc

112 2531 233 2596 autern,
265 2542 365 2600 quum
393 2532 532 2586 mortuus
554 2522 604 2602 sit,
624 2538 683 2585 ‘eur
705 2523 816 2586 frustra
837 2521 990 2606 lugeam?
1012 2541 1088 2584 num

111 2613 227 2682 potero
243 2603 337 2664 illurn
351 2603 392 2666 ad
407 2605 502 2667 vitam
516 2606 685 2668 revocare?

569 2727 638 2784 123.

153 2837 208 2900 Ad
237 2837 327 2900 hunc
350 2838 490 2902 dolorem
513 2839 592 2902 alius
624 2843 761 2906 accessit
788 2843 898 2907 dolor:
935 2844 1088 2924 Absalon,

113 2921 194 2984 filius
224 2919 370 2997 Davidis‚
396 2930 560 3004 paternum
575 2945 712 3008 ¹reguum
734 2926 903 3004 affectavit,
928 2929 1090 2992 concitati

37 3045 43 3056 ι
79 3083 83 3094 ¹
112 3001 321 3066 multitudine
337 3005 490 3085 imperiti,
505 3006 653 3070 adversus
667 3019 787 3090 patrem
802 3010 978 3079 rebellavit.

155 3084 193 3146 Id
219 3085 278 3147 ubi
302 3085 454 3170 cognovit
467 3089 579 3166 David,
601 3093 735 3155 excessit
756 3093 985 3178 Hierosolymis,
1008 3095 1088 3159 veri-

60 3231 63 3237 ,
113 3178 163 3228 tus
176 3189 230 3246 ne,
246 3169 275 3230 si
290 3169 337 3232 ibi
358 3181 542 3247 remaneret,
557 3173 698 3238 Absalon
717 3197 790 3238 cum
804 3179 944 3242 exercitu
958 3179 1089 3242 veniens

112 3249 225 3311 urbem
240 3253 367 3334 regiam
380 3254 547 3332 obsideret,
562 3277 694 3339 eamque
710 3259 798 3322 serro-
805 3271 838 3323 et
851 3261 926 3344 igne
940 3271 1088 3326 vastaret.

156 3331 272 3397 Quare
298 3357 443 3418 egressus
466 3357 539 3400 cum
563 3341 626 3402 suis
649 3341 702 3422 qui
723 3343 756 3406 in
778 3344 884 3408 officio
905 3345 1089 3423 manebant,

114 3417 306 3480 conscendit
330 3431 470 3486 montem
495 3421 646 3487 olivarum
670 3426 759 3505 flens,
785 3429 876 3493 nudis
898 3421 1034 3513 pedibtis
1056 3446 1092 3494 et
1192 3456 1235 3520 ,f

115 3503 226 3574 operto
243 3501 366 3580 capite.
