2492 4038
506 203 682 328 '.3¹

229 423 422 488 Abruhemus
442 441 507 486 non
528 419 682 484 dubitavit
704 439 811 504 parere
836 417 906 483 Deo
916 418 1058 503 jubenti:
1082 417 1124 480 im

100 555 102 560 -
185 509 288 654 ppsuit
319 508 406 592 ligna
445 506 565 582 Isaaco,
596 504 663 587 ipse
691 505 763 568 verb
794 502 938 586 portabat
964 504 1071 588 ignem
1104 511 1139 565 et

223 594 337 655 adium.

188 615 338 746 gQuum
362 675 420 738 iter
441 673 579 737 facerent
601 671 702 749 simul,
724 671 852 736 Isaeeus
873 671 949 736 dixit
971 672 1050 755 petri
1066 693 1075 733 ι
1094 669 1137 736 mi

186 770 283 842 peter,
297 779 375 822 ecoe
391 759 477 841 ligne
495 767 528 820 et
549 757 651 841 iguis:
672 757 728 820 sed
750 755 879 820 ubinam
899 766 948 819 est
961 756 1062 818 hostia
1082 755 1139 818 im·

185 843 358 906 molande?
379 843 439 905 Cui
461 841 679 905 Abrehemus:
700 841 796 918 Deus
818 839 932 923 inquit.
941 839 1011 908 sibi
1040 838 1139 921 provi·

186 927 274 990 debit
288 925 433 1002 hostiam,
447 925 492 990 fili
506 925 561 989 mi.

640 1032 689 1090 19.
786 987 789 994 ¹

228 1130 292 1196 Ubi
306 1140 513 1214 pervenerunt
535 1129 627 1193 ambo
642 1129 674 1194 iu
693 1131 798 1193 locum
818 1131 1025 1214 designatum,
1040 1127 1140 1191 Abra·
1233 1121 1234 1128 '

186 1213 294 1278 hamus
308 1214 455 1279 exstruxit
469 1235 563 1291 mem,
577 1214 729 1296 disposuit
743 1214 838 1298 ligna,
848 1214 988 1298 alligavit
996 1213 1139 1276 Iseaoum

187 1320 280 1380 super
295 1309 410 1362 struem
423 1299 587 1384 lignorum,
601 1297 715 1362 deinde
733 1299 860 1382 arripuit
896 1298 1022 1360 ludium.
1099 1317 1102 1324 ’

221 1382 315 1445 Tum
337 1381 476 1464 Angelus
499 1381 645 1444 clamavit
668 1380 707 1444 de
729 1383 830 1445 coelo:
854 1381 884 1445 A
907 1381 1043 1456 rahame,
1064 1399 1140 1442 eou-

120 1523 131 1540 ‚
187 1465 254 1528 tine
282 1484 410 1528 manum
437 1476 542 1532 tuem:
569 1484 609 1527 ne
631 1483 746 1527 noeees
768 1485 883 1548 puero:
906 1465 966 1527 'atu
987 1465 1064 1528 fides
1086 1473 1140 1525 tue

187 1549 263 1610 mihi
272 1559 438 1631 perspecte
448 1559 506 1626 est,
514 1567 610 1630 quum
620 1567 684 1610 non
698 1549 905 1630 pepercerisfi
919 1549 949 1610 io
963 1559 1018 1610 tuo
1031 1545 1140 1610 unico:

188 1642 221 1696 et
230 1631 420 1778 Xffioafpvebo
435 1631 492 1696 tibi
506 1655 516 1710 3
541 1631 921 1780 remunerabpsstplenditdb
937 1631 1030 1778 fidlpm
1043 1640 1138 1778 lupus.

177 1736 426 1872 „studet
442 1725 669 1885 vllfl’ud
682 1735 1075 1864 tttttlttlffltffl
1089 1735 1140 1780 e¹¹¹

230 1983 343 2050 Postea
370 1985 565 2052 Abrahamus
594 1908 690 2050 midd'
706 1999 827 2050 servum
855 2007 944 2050 suum
970 1985 1141 2050 Eliezerem

39 2147 43 2154 Ι
87 2091 92 2099 ·
189 2068 229 2132 od
247 2079 398 2152 cognatos
419 2089 490 2134 suos
511 2071 564 2152 qui
582 2080 671 2134 erant
694 2069 727 2134 iu
747 2071 984 2154 Mesopotamia,
1006 2081 1041 2133 ut
1068 2069 1141 2132 iude

81 2201 86 2210 .
129 2187 134 2198 ·
190 2152 359 2218 adduceret
372 2173 498 2218 uxorem
514 2145 579 2218 filio
599 2174 656 2217 suo
670 2152 790 2218 Iseuoo.

227 2235 626 2321 .E1iezer·sumpsit«decem
644 2237 782 2302 osunelos
802 2238 918 2302 domini
939 2239 997 2312 sui,
1018 2247 1051 2300 et
1072 2255 1142 2318 pro-

87 2357 91 2364 ·
190 2318 290 2382 lectus
308 2327 367 2398 est,
390 2333 515 2404 portans
543 2343 650 2386 seeum
671 2343 801 2399 munere
831 2321 1009 2405 magnifico,
1031 2319 1142 2400 quibus

121 2433 132 2454 ·
189 2403 319 2466 donaret
332 2405 468 2486 puellam
481 2405 666 2468 destinatam
679 2405 791 2468 isaaco
804 2415 838 2466 et
851 2405 918 2486 ejus
935 2412 1088 2484 parentes.

234 2485 298 2548 Ubi
312 2486 452 2566 pervenit
471 2486 503 2548 in
516 2486 786 2567 Mesopotamiam,
801 2485 940 2548 constitit
953 2505 1026 2550 cum
1039 2505 1141 2550 ceme-

12 2543 13 2546 ¹
191 2567 229 2630 lis
243 2587 341 2650 prope
355 2578 484 2651 puteum
498 2587 587 2650 aquae
603 2567 643 2631 ed
657 2587 825 2652 vesperam,
841 2589 903 2650 quo
924 2579 1061 2653 tempore
1075 2591 1141 2634 mu-

191 2651 282 2738 lieres
296 2650 439 2716 uolebant
454 2652 619 2716 convenire
633 2651 673 2716 ad
687 2651 888 2718 hauriendam
901 2673 1023 2736 uquun.

606 2803 609 2807 -
639 2759 692 2818 21.

233 2853 354 2919 Eliezer
388 2857 489 2920 oravit·
517 2855 620 2922 Deum
649 2856 697 2920 his
724 2858 849 2921 verbis:
883 2857 1028 2936 Domine,
1056 2858 1142 2922 Deus

191 2937 369 3018 Abrahami,
384 2939 434 3003 lae
446 2951 481 3003 ut
490 2939 610 3026 puella,
621 2961 693 3024 quae
704 2941 794 3005 debit
808 2953 916 3026 potum
925 2942 1001 3006 mihi
1013 2941 1141 3024 petenti,

192 3045 231 3087 ea
245 3023 285 3085 sit
298 3043 392 3104 quem
405 3023 516 3088 Isaaoo
529 3025 677 3089 destines.

235 3107 322 3170 Eooe
352 3107 457 3172 statim
485 3108 637 3174 Rebecca
666 3109 753 3193 virgo
774 3109 886 3176 eximit
913 3105 1141 3191 pulchritudine
1233 3169 1234 3178 ,

114 3204 132 3260 A
192 3189 318 3274 prodiit,
351 3211 462 3273 gerens
494 3201 615 3256 umam'··
634 3191 777 3270 humeris,
810 3213 881 3274 quae
912 3190 1075 3255 deseendit
1102 3192 1142 3254 ud

72 3323 74 3328 .
121 3337 123 3340 ,
192 3285 330 3358 puteum,
345 3285 378 3336 et
391 3275 529 3358 implevit
543 3295 660 3340 usuam.

234 3359 326 3422 ‘limo
341 3357 461 3421 Eliezer
478 3364 658 3443 progressus
677 3361 799 3424 obviem
812 3357 947 3442 puellae:
968 3357 1019 3436 de,
1033 3359 1141 3442 inquit,
1222 3421 1227 3428 .

12 3437 21 3464 ⁹
70 3509 73 3514 ,
141 3509 147 3517 ,
193 3452 302 3524 potum
315 3441 411 3506 mihi:
433 3443 484 3505 eui
505 3444 657 3508 Rebecca
669 3438 679 3506 τ’
697 3444 781 3518 bibe,
803 3443 856 3518 eit,
879 3441 1003 3508 domine
1025 3446 1067 3508 mi
1079 3469 1089 3525 3
1109 3455 1142 3508 et·

152 3599 155 3608 Ι
195 3525 286 3590 simul
300 3527 425 3592 demisit
439 3547 558 3592 urnam.
