2472 4038
577 253 659 372 ”llll

132 439 255 502 exitium
269 458 364 515 ruere,
374 457 431 500 nec
446 434 533 500 ullam
547 435 625 499 orbis
638 435 796 498 Christiani
810 447 922 518 partem
937 433 1099 500 immunem

132 543 197 584 esse
213 544 230 584 a
244 522 312 584 belli
326 521 423 599 firriis3
444 541 513 581 nam
532 533 589 582 tres
612 520 652 582 illi
674 519 799 602 reliquos
813 539 915 580 omnes
930 519 1100 602 pertrabunt

130 605 161 666 in
175 605 244 668 belli
257 605 445 667 consortium.
488 603 601 665 Omnes
616 624 683 666 asse
703 603 807 664 talibus
829 603 939 678 animis,
953 616 986 664 ut
1007 623 1098 666 nemo

131 689 200 751 velit
215 689 297 750 alteri
312 689 437 750 cedere:
455 709 510 750 nec
521 687 652 761 Danum,
661 707 717 748 nec
728 685 885 762 Polonum,
897 708 951 749 nec
964 687 1096 762 Scotum,

129 793 186 834 nec
200 772 272 833 verb
286 771 421 834 Turctun
435 771 547 834 interim
563 791 627 831 esse
642 770 670 832 in
687 769 755 845 otio,
770 769 863 831 moliri
877 769 957 842 dira.
1001 769 1097 831 Pesti-

128 855 248 916 lentiam
258 855 367 937 ubique
378 855 489 930 saevire,
499 854 576 938 apud
586 853 744 936 Hispanos,
754 853 830 936 apud
842 853 1009 930 Britannos,
1018 852 1098 934 apud

127 936 228 1016 Italos,
244 940 324 1020 apud
340 938 451 1000 Gallos.
494 938 545 999 Ad
560 937 622 998 baec
643 957 749 998 novam
770 958 835 998 esse
857 938 953 1000 lucem
976 958 1014 998 ex
1036 936 1098 1018 opi-

126 1021 250 1083 nionum
264 1021 403 1083 varietate
422 1035 530 1097 natam,
546 1041 610 1103 quae
631 1021 672 1082 sic
694 1020 802 1082 vitiavit
823 1021 953 1082 omnium
975 1019 1096 1096 animos,

127 1117 161 1166 ut
169 1107 249 1166 nulla
257 1126 380 1189 usquam
390 1105 426 1166 sit
436 1105 548 1167 sincera
560 1104 755 1180 amicitia,.sed
767 1103 852 1166 irater
862 1104 938 1166 fratri
949 1103 1096 1180 dissideat,

127 1209 185 1250 nec
198 1189 286 1250 uxori
301 1210 369 1250 cum
384 1189 486 1251 marito
507 1187 671 1251 conveniat.
726 1187 801 1270 Spes
822 1201 867 1249 est
888 1189 956 1250 binc
978 1209 1097 1272 quoque

10 1249 13 1318 l
120 1273 305 1334 nascituram
320 1272 386 1335 olim
406 1273 587 1355 magnificam
609 1271 760 1334 homiuum
781 1271 951 1355 perniciem,
965 1273 989 1335 si
1010 1293 1056 1334 res
1079 1271 1098 1334 b

127 1355 235 1437 linguis
249 1368 279 1416 et
293 1355 409 1418 calamis
424 1356 460 1417 ad
476 1376 578 1418 manus
593 1355 768 1438 pervenerit.

171 1437 230 1500 Al.
253 1437 328 1500 Haec
356 1440 452 1500 omnia
473 1437 625 1502 verissime
649 1439 775 1500 narravit
809 1438 907 1515 Ossa;
938 1459 1007 1502 narn
1033 1438 1097 1522 ipse

128 1523 214 1605 plura
229 1522 288 1584 vidi
302 1522 346 1584 his
360 1523 462 1599 oculis,
477 1523 609 1584 assiduus
627 1541 727 1583 comes
749 1537 777 1584 et
798 1521 911 1606 adjutor
932 1521 1097 1598 Furiarum,

129 1627 192 1690 quae
203 1605 284 1667 nullo
294 1619 426 1689 tempore
438 1607 529 1688 magis
544 1605 725 1667 declarabunt
739 1619 839 1668 sasuo
853 1605 953 1690 dignas
967 1603 1096 1666 nomine.

177 1688 231 1752 cl.
254 1690 345 1774 Atqui
360 1691 525 1772 periculum
539 1703 593 1765 est,
607 1711 646 1751 ne
661 1689 723 1772 quis
746 1690 859 1754 daemon
882 1689 1027 1750 exoriatur
1048 1689 1096 1773 qui

126 1773 222 1836 subitb
237 1774 402 1836 adhortetur
417 1774 452 1836 ad
468 1794 592 1856 pacem3
615 1787 645 1834 et
660 1787 726 1834 sunt
741 1771 905 1834 mortalium
923 1772 1009 1834 animi
1030 1795 1096 1834 mu·

126 1857 250 1934 tabiles;
286 1878 354 1918 nam
394 1858 481 1918 audio
517 1857 596 1939 apud
625 1877 755 1940 superos,
781 1877 845 1918 esse
874 1856 1095 1939 Polygrapbum

92 1971 96 1977 ·
129 1940 289 2021 quendam,
304 1941 352 2022 qui
366 1941 480 2003 calamo
498 1961 551 2002 suo
573 1961 631 2002 non
653 1940 757 2002 desinit
776 1940 909 2002 insectari
930 1941 1050 2016 bellum,
1065 1953 1096 2004 et

130 2021 170 2082 ad
184 2043 290 2104 pacem
304 2023 454 2085 cohortari.

173 2103 229 2168 Al.
252 2105 305 2167 Ille
324 2105 498 2189 jampridem
518 2107 612 2170 surdis
634 2105 719 2168 canit.
772 2103 853 2168 Olim
878 2105 989 2188 scripsit
1013 2105 1094 2189 pacis

127 2189 286 2272 profligatae
316 2189 549 2272 quaerirnoniam3
585 2211 663 2252 nunc
693 2189 789 2250 eidem
818 2189 952 2252 extinctae
980 2189 1094 2272 scripsit

127 2271 319 2357 epitaphium.
376 2273 452 2336 Sunt
467 2275 513 2336 alii
527 2274 628 2338 contra
646 2273 695 2357 qui
716 2295 774 2335 non
796 2273 890 2335 minda
907 2274 1011 2357 juvent
1030 2294 1093 2335 rem

125 2369 254 2428 nostram
271 2357 359 2439 quiun
374 2357 442 2440 ipsae
457 2357 566 2420 Furiae.
860 2376 865 2384 '

176 2437 230 2500 Ol.
253 2438 386 2511 Quinam
400 2441 466 2502 istil

172 2520 227 2583 Al.
251 2521 326 2583 Sunt
340 2523 472 2584 animalia
487 2523 619 2606 quaedam
635 2524 718 2606 pullis
733 2539 762 2588 et
775 2523 904 2587 candidis
919 2524 1020 2607 palliis,
1031 2525 1093 2590 cin·

127 2604 241 2668 eraceis
264 2605 379 2680 tunicis,
395 2606 479 2666 variis
500 2620 599 2672 ornata
614 2609 718 2688 plumis
725 2631 735 2687 ;
757 2610 820 2671 baec
842 2631 988 2691 nunquam
1010 2633 1093 2676 rece-

128 2689 202 2750 dunt
218 2689 253 2750 ab
274 2689 346 2750 aulis
359 2689 532 2774 principum,
546 2691 681 2754 instillant
704 2693 732 2754 in
756 2713 856 2754 aurem
872 2713 998 2756 amorem
1015 2697 1091 2774 belli,

127 2773 277 2834 hortantur
298 2773 404 2836 eodem
426 2795 563 2858 proceres
584 2795 618 2838 ac
640 2777 767 2859 plebem,
791 2776 819 2837 iu
841 2779 1017 2860 evangelicis
1037 2781 1093 2842 illis

128 2856 312 2919 concionibus
340 2857 500 2934 clamitant,
522 2859 632 2920 bellum
662 2879 727 2920 esse
752 2859 874 2942 justum,
900 2877 1031 2924 sanctum
1057 2883 1093 2924 ac

127 2939 219 3022 pium.
263 2939 392 3024 Quoque
411 2941 503 3024 magis
525 2943 635 3004 mireris
657 2943 807 3004 hominum
829 2943 933 3006 fortem
954 2946 1092 3019 animum,

32 3089 33 3094 η
127 3023 277 3084 clamitant
290 3023 368 3084 idem
383 3027 460 3108 apud
474 3030 626 3109 utramque
641 3039 765 3108 partem.
808 3027 899 3110 Apud
912 3028 1011 3089 Gallos
1022 3047 1093 3088 con-

127 3107 281 3168 clonantur
294 3105 382 3168 deum
396 3122 470 3171 stare
485 3129 539 3191 pro
551 3109 653 3184 Gallis,
665 3129 720 3171 nec
731 3110 808 3172 vinci
827 3131 912 3194 possa
932 3111 980 3192 qui
1003 3109 1092 3170 deum

129 3188 237 3252 babeat
258 3203 468 3272 protectorem;
502 3191 580 3274 apud
603 3192 716 3274 Anglos
731 3207 760 3255 et
781 3193 938 3277 Hispanos,
953 3193 1009 3254 hoc
1030 3193 1093 3254 bel-

128 3273 189 3335 lum
205 3295 264 3334 non
279 3293 297 3333 a
311 3272 429 3336 Caesare
452 3276 523 3358 geri,
538 3276 591 3338 scd
611 3297 629 3337 a
652 3277 726 3356 de03
754 3279 866 3339 tantiam
890 3275 1038 3356 praebeant
1060 3298 1092 3341 se

18 3414 21 3423 ,
128 3357 209 3442 viros
225 3356 323 3433 fortes
339 3358 487 3422 victoriam
510 3381 575 3421 esse
595 3374 713 3422 certam.
759 3361 852 3432 Quod
876 3359 898 3418 si
922 3358 985 3442 quis
1005 3360 1093 3425 inter·

128 3441 242 3517 ciderit,
253 3462 323 3504 eum
337 3463 395 3504 non
409 3444 513 3526 perire,
525 3444 577 3506 sed
592 3445 673 3507 recta
686 3444 839 3507 subvolare
855 3441 883 3506 in
897 3443 1006 3509 coelum
1019 3447 1094 3526 sicut

13 3542 30 3584 a
129 3537 191 3588 erat
204 3539 354 3588 armatum.
