2472 4038
528 262 671 332 -91

215 443 357 508 Proseetd
380 443 511 507 liberum
540 463 603 507 non
628 442 704 507 lacit
725 443 856 522 fortuna,
877 444 934 508 sed
955 445 1071 509 virtus:
1099 467 1125 509 ει

171 528 254 592 enim
269 529 413 610 pmdens,
428 528 454 590 si
472 528 581 612 justus,
600 527 626 590 si
651 527 747 604 sortis,
768 528 793 590 si
815 529 981 606 modestus,
995 529 1021 594 si
1036 529 1125 593 inuo-

171 633 256 688 cens,
270 613 296 674 si
321 613 390 694 pius
413 613 482 694 quis
507 612 608 689 fuerit,
634 611 660 676 is
684 613 755 676 ver'e
781 611 860 676 liber
880 623 945 678 est:
966 609 1076 678 horum
1097 613 1124 676 si

170 697 245 778 quid
259 695 350 774 absit,
365 717 421 779 pro
436 697 473 760 ei
486 706 572 780 purte
587 717 620 759 se
635 717 757 760 servum
771 696 861 760 sciet.

171 864 181 927 l
212 781 260 844 Eo
275 781 405 863 quisque
429 781 567 844 miserior
580 791 629 844 est
649 781 682 844 iu
702 780 860 858 servitute,
874 802 938 863 quo
951 780 1071 846 felicior
1090 780 1124 844 iu

183 864 315 929 ibertute
331 865 397 931 fuit.
516 883 521 890 ·

591 985 711 1040 AE'I'AS.

214 1092 326 1156 AEtatis
340 1092 426 1154 nulla
441 1101 625 1174 potestesse
640 1091 857 1174 intempestiva
870 1092 1068 1174 parsimonia.

215 1179 303 1240 AEtas
316 1197 474 1258 nunquam
489 1197 552 1240 non
565 1176 683 1252 defluit,
692 1175 756 1239 sive
770 1175 912 1256 dormias,
924 1178 988 1242 sive
1002 1179 1123 1262 vigiles.

213 1261 310 1323 Hcrae
326 1262 451 1338 cedunt,
465 1262 543 1338 dies,
557 1281 689 1338 menses,
703 1270 736 1323 et
750 1260 839 1333 unni,
858 1283 919 1326 nee
934 1263 1125 1347 praeteritum
1164 1267 1173 1276 '

172 1355 295 1426 tempus
309 1365 443 1426 unquam
457 1345 627 1409 revertitur.

121 1441 123 1448 ’
216 1429 486 1506 Quemadmodum
509 1428 727 1512 navigantibus
751 1438 840 1494 terrae
862 1432 1016 1513 urbesque
1038 1451 1125 1496 rece·

170 1513 269 1592 dunt3
298 1515 343 1576 sic
370 1514 514 1596 temporis
537 1535 630 1578 cursu
654 1514 751 1595 primb
774 1510 936 1598 pueritiam
960 1516 1125 1580 abscondi-

171 1617 249 1673 mus,
264 1598 380 1661 deinde
395 1598 647 1675 adolescentiam,
658 1598 773 1662 deinde
787 1599 958 1662 senectutis
972 1621 1080 1664 annos.

212 1681 298 1745 Nihil
321 1693 460 1765 tempure
481 1683 654 1767 pretiosius,
672 1693 706 1747 et
722 1682 804 1747 heu!
823 1682 905 1756 ¹nihil
920 1682 1012 1748 hodie
1026 1705 1067 1749 eo
1080 1685 1124 1748 vi·

171 1765 229 1828 lius
243 1766 407 1830 invenitur.

141 1915 150 1928 ,
211 1851 317 1914 Nemo
351 1851 410 1914 sibi
442 1848 542 1934 perire
571 1852 666 1931 diem,
697 1863 730 1917 et
761 1872 919 1935 nunquam
954 1853 1123 1918 rediturum

172 1935 348 1999 meditatur.

581 2056 719 2112 LABOR.

212 2160 317 2308 Jtustus
332 2182 369 2225 ac
383 2160 530 2226 honestus
544 2163 632 2228 labor
645 2164 813 2229 honoribus
836 2174 870 2230 et
893 2166 1027 2248 proemiis
1047 2167 1122 2232 dec-

169 2267 223 2309 om
236 2267 282 2309 ur.
859 2281 865 2286 ·

211 2331 406 2395 Generosum
420 2331 556 2394 animum
569 2332 738 2398 difficultas
751 2333 853 2418 erigit,
868 2333 924 2398 elit
938 2333 1037 2400 labor.

209 2415 316 2496 Turpe
341 2425 390 2478 est
410 2417 523 2479 cedere
537 2419 645 2497 oneri3
665 2439 729 2482 non
750 2430 799 2483 est
819 2419 864 2482 vir
886 2419 971 2482 fortir
993 2431 1025 2484 et
1046 2430 1122 2486 stre-

170 2519 251 2560 nuus
265 2498 318 2578 qui
332 2498 471 2562 laborem
486 2500 575 2582 fugit.

213 2580 279 2650 Qui
302 2581 441 2646 laborem
462 2595 595 2660 recusat,
617 2585 752 2668 seipsum
773 2591 961 2654 condemnet
974 2599 1121 2673 tunquam

170 2666 259 2730 bonis
287 2665 431 2730 omnibus
456 2667 617 2752 indignum
628 2693 639 2748 ;
662 2671 810 2754 quicquid
831 2674 915 2738 enim
935 2686 984 2740 est
1005 2675 1120 2760 ubique

170 2751 254 2828 boni,
270 2751 377 2815 labore
392 2763 597 2835 eomparatur.

211 2836 307 2899 Nulla
322 2857 371 2898 res
384 2858 500 2921 magna
513 2838 578 2902 sine
594 2839 699 2903 labore
714 2841 827 2905 veniet.

209 2920 304 3002 Apud
318 2919 482 3015 AEgyptios
497 2922 568 3006 lege
584 2923 642 2987 luit
656 2935 782 2988 cautum
803 2947 843 2991 ne
864 2928 944 2993 cibis
958 2929 1040 3012 prius
1054 2947 1120 2989 ves-

167 3015 303 3100 ceretur·
321 3016 475 3150 Jutventum
505 3009 597 3089 quim
619 3018 746 3072 centum
773 3021 806 3074 et
831 3014 994 3097 octoginta
1021 3009 1120 3074 stadia

168 3105 354 3171 pereurrrsse
371 3133 379 3149 .

526 3208 759 3276 CONCORDIA.
780 3267 783 3273 Δ

209 3312 298 3382 Quid
312 3313 409 3398 magis
423 3315 568 3380 omnibus
591 3318 771 3382 mortalibus
795 3315 1013 3400 expetendum,
1027 3320 1119 3402 quim
1180 3387 1181 3392 ,

166 3418 226 3480 pax
240 3408 273 3461 et
287 3399 480 3464 eoncordia?

208 3483 330 3548 Felices
352 3483 418 3547 istae
440 3485 582 3550 civitates
604 3509 674 3568 quae
690 3487 733 3548 its
755 3487 787 3547 in
812 3485 980 3551 concordis
993 3477 1116 3568 uiuunt,

167 3578 201 3630 ut
214 3569 253 3632 de
267 3568 451 3634 utilitatibus
466 3591 562 3636 unum
576 3571 721 3650 idemque
736 3567 880 3650 sentiunt,
891 3582 923 3638 et
933 3575 1114 3641 decernunt.
