2472 4038
610 238 680 310 113

202 419 260 484 Pe.
285 419 347 484 Sed
360 433 393 482 tu
406 419 477 482 mihi
491 419 590 482 videre
604 418 733 483 eochtee
742 418 831 482 vitam
845 436 941 501 agere.

203 503 253 566 Jo.
270 504 411 576 Quisic?

202 587 260 649 Pe.
284 588 364 661 Quia
378 586 520 670 perpetue
534 585 613 649 domi
637 585 741 662 latitas,
755 605 812 650 uec
835 604 958 681 usquam
966 582 1122 730 ἀρτοιᾞε.

160 670 227 734 Nec
241 672 326 734 secus
340 684 429 754 atque
450 670 570 734 claudus
585 683 676 748 sutor,
686 669 796 754 jugiter
810 668 890 732 donn
904 667 966 730 desi
986 688 1029 730 es.
1103 688 1123 728 u

158 755 210 818 tibi
225 755 303 816 domi
317 755 404 816 situm
418 754 571 816 contrahis.

203 835 252 900 J0.
269 837 324 900 Es't
333 837 411 922 quod
419 859 503 920 agam
512 837 602 914 domi,
613 835 679 899 soris
689 835 762 908 nihil
770 834 939 936 estnegotii.
970 833 1011 896 Et
1021 834 1045 897 si
1055 832 1125 916 quid

159 934 248 1066 gesem
263 935 363 984 tamen
380 922 438 984 hoc
455 921 566 984 coelum
583 942 632 984 me
650 921 711 983 dies
733 919 844 1004 aliquot
866 939 885 981 a
906 918 1024 1002 publico
1044 917 1124 980 cohi-

181 1018 278 1067 ulsset.

202 1085 260 1150 Pe.
287 1089 328 1151 At
350 1109 428 1150 nunc
449 1087 556 1150 sudum
578 1100 633 1165 est,
647 1099 677 1150 et
689 1087 790 1150 invitat
809 1085 846 1148 ad
867 1083 1122 1150 deambulandum.

158 1169 238 1234 Vide
254 1185 289 1234 ut
301 1172 454 1234 blanditur.

204 1254 260 1317 Jo:
271 1255 304 1316 Si
318 1255 559 1338 prodeambulare
573 1254 664 1332 lubet,
678 1275 738 1317 non
752 1274 867 1318 recuso.

203 1337 264 1400 Pe.
287 1337 381 1400 Plane
390 1338 510 1400 videtur
524 1339 582 1400 hoc
596 1339 738 1402 utendum
752 1338 838 1400 coelo.

203 1420 253 1484 J0.
277 1421 473 1484 Asciscendus
489 1435 533 1484 est
546 1441 621 1482 unus
636 1434 686 1484 aut
700 1422 771 1483 alter
784 1439 933 1504 congerie.

201 1503 260 1568 Pe.
284 1503 362 1580 Fiet,
377 1505 466 1568 modd
480 1504 560 1567 dicas
576 1523 649 1587 quos
663 1504 744 1570 selis.
826 1571 829 1578 ,

201 1587 250 1651 J0.
275 1587 359 1660 Quid
380 1587 405 1650 si
426 1587 607 1670 Hugonem?
797 1655 800 1662 ,

129 1691 132 1700 ’
201 1671 259 1818 ξε.
276 1671 374 1817 dlffld
389 1671 514 1820 irrultdm
528 1670 647 1733 interest
661 1669 737 1732 inter
752 1667 910 1754 Hugonem
925 1683 955 1732 et
969 1687 1123 1752 nugonem.

227 1777 252 1817 o.
325 1754 353 1832 ie,
436 1767 474 1816 et.

202 1837 260 1900 Pe.
277 1775 565 1912 Qdiddi'adtardum?

204 1919 253 1983 J0.
276 1921 378 1984 Homo
388 1919 508 1984 minime
522 1935 618 1984 mutus
629 1933 680 1984 est.
725 1920 807 1994 Quid
822 1921 937 1984 auribus
950 1919 1125 1984 dirmnutum

163 2016 218 2079 est,
231 2004 331 2086 lingue
344 2018 456 2101 penset.
528 2083 530 2090 Ι

205 2085 261 2149 Pe
281 2087 313 2150 Si
328 2088 481 2166 videbitur,
497 2087 633 2152 Naevium
648 2089 849 2174 adjungemus.

164 2237 168 2248 ,
204 2169 253 2235 .Ῑο.
267 2171 311 2234 -Si
353 2172 431 2239 'dem
441 2171 556 2234 dabitur
566 2173 641 2236 iliius
651 2173 736 2255 copia
746 2171 955 2256 nunquamerit
965 2169 1126 2234 sabulamm

160 2255 266 2338 inopia.
311 2193 436 2319 &dcent
449 2254 668 2333 confabulones,
682 2269 815 2342 superest
829 2269 861 2318 ut
872 2255 969 2318 locum
983 2253 1126 2339 despicias

161 2359 319 2402 amoenum.

156 2479 160 2484 .
202 2421 259 2484 Pe.
282 2421 349 2506 Ego
374 2423 446 2486 verti
469 2422 640 2486 tibilccum
666 2422 827 2499 ostendam,
848 2423 899 2484 ubi
920 2441 977 2483 nec
999 2421 1127 2483 nemoris

160 2504 306 2579 umbram,
320 2525 376 2565 nee
391 2503 537 2586 pratomm
551 2505 762 2590 smaragdinum
776 2506 912 2580 virorem,
926 2524 982 2566 nec
1004 2502 1125 2568 sontium

7 2581 11 2612 ''
109 2619 114 2638 ·-
161 2587 244 2650 vivas
278 2587 426 2650 scatebras
448 2585 630 2651 desiderabis.
695 2589 789 2653 Dices
817 2588 933 2672 dignam
962 2587 1052 2651 musis
1078 2609 1125 2653 se·
1181 2657 1185 2666 ,

160 2669 239 2734 dem.

202 2751 251 2816 J0.
274 2752 434 2838 Magnifice
448 2755 599 2838 polliceris.

200 2835 255 2900 Pe.
279 2837 413 2901 Nimium
427 2839 533 2902 affixus
557 2859 590 2902 es
615 2839 701 2904 libris.
747 2839 880 2904 Nimium
904 2840 1013 2903 assides
1037 2839 1122 2901 libris.

159 2917 321 2982 Irumodico
334 2922 431 2984 studio
444 2922 569 3005 teipsum
583 2943 724 2986 maceres.

202 3001 252 3063 J0.
275 3003 379 3092 Μαῑῇι
392 3005 488 3067 studio
502 3023 684 3068 macrescere
700 3007 788 3090 quam
803 3025 911 3070 amore.

203 3081 261 3146 Pe.
285 3085 325 3146 At
342 3107 402 3148 non
416 3087 484 3150 ideo
499 3087 624 3150 vivimus
638 3101 671 3150 ut
686 3091 864 3169 studeamus,
878 3089 931 3154 sed
946 3089 1013 3152 ideo
1028 3085 1122 3150 stude·
1228 3113 1229 3126 ¹

160 3169 227 3232 mu's
242 3181 275 3230 ut
287 3169 415 3231 suaviter
429 3171 569 3232 vivamus.

204 3249 253 3314 J0.
269 3251 348 3313 Mihi
362 3252 432 3314 verri
454 3255 501 3316 vel
523 3253 637 3318 immori
657 3257 763 3320 chartis
783 3257 870 3319 dulce
892 3268 945 3317 est.

202 3333 260 3398 Pe.
294 3333 442 3480 Equidem
475 3338 622 3400 immorari
657 3341 759 3424 probo,
788 3338 902 3401 immori
929 3357 986 3401 non
1022 3339 1123 3422 probo.

161 3419 278 3565 E⁰J¹¹id
294 3441 332 3482 vo
343 3419 436 3516 uptati
450 3419 503 3484 suit
518 3421 582 3486 haec
596 3423 793 3486 deambulatio
802 3425 828 3516 ἰΙ
1023 3441 1024 3444 ’

227 3525 252 3566 ο.
276 3501 330 3566 Me
347 3503 466 3588 quidem
481 3506 672 3652 vehelrgessrter
686 3506 850 3570 oblectavit.
