<?xml version="1.0" encoding="UTF-8"?>
<!DOCTYPE html PUBLIC "-//W3C//DTD XHTML 1.0 Transitional//EN"
    "http://www.w3.org/TR/xhtml1/DTD/xhtml1-transitional.dtd">
<html xmlns="http://www.w3.org/1999/xhtml" xml:lang="en" lang="en">
 <head>
  <title>
</title>
<meta http-equiv="Content-Type" content="text/html;charset=utf-8" />
  <meta name='ocr-system' content='tesseract 3.04.00' />
  <meta name='ocr-capabilities' content='ocr_page ocr_carea ocr_par ocr_line ocrx_word'/>
</head>
<body>
  <div class='ocr_page' id='page_1' title='image "./liberprimus01danagoog_0150.png"; bbox 0 0 2472 4038; ppageno 0'>
   <div class='ocr_carea' id='block_1_1' title="bbox 571 272 641 346">
    <p class='ocr_par' dir='ltr' id='par_1_1' title="bbox 571 272 641 346">
     <span class='ocr_line' id='line_1_1' title="bbox 571 272 641 346; baseline 0.014 -1"><span class='ocrx_word' id='word_1_1' title='bbox 571 272 641 346; x_wconf 77' lang='lat' dir='ltr'>tta</span> 
     </span>
    </p>
   </div>
   <div class='ocr_carea' id='block_1_2' title="bbox 126 445 1089 3529">
    <p class='ocr_par' dir='ltr' id='par_1_2' title="bbox 127 445 1087 952">
     <span class='ocr_line' id='line_1_2' title="bbox 171 445 1086 538; baseline 0.008 -23"><span class='ocrx_word' id='word_1_2' title='bbox 171 445 230 516; x_wconf 87' lang='lat' dir='ltr'>Pu.</span> <span class='ocrx_word' id='word_1_3' title='bbox 253 449 336 516; x_wconf 91' lang='lat' dir='ltr'>Nihil</span> <span class='ocrx_word' id='word_1_4' title='bbox 357 455 533 531; x_wconf 86' lang='lat' dir='ltr'>admodum3</span> <span class='ocrx_word' id='word_1_5' title='bbox 563 475 632 517; x_wconf 90' lang='lat' dir='ltr'>uam</span> <span class='ocrx_word' id='word_1_6' title='bbox 656 455 711 517; x_wconf 91' lang='lat' dir='ltr'>hos</span> <span class='ocrx_word' id='word_1_7' title='bbox 733 456 828 538; x_wconf 89' lang='lat' dir='ltr'>reperi</span> <span class='ocrx_word' id='word_1_8' title='bbox 848 469 892 519; x_wconf 89' lang='lat' dir='ltr'>sat</span> <span class='ocrx_word' id='word_1_9' title='bbox 914 456 1086 522; x_wconf 87' lang='lat' dir='ltr'>commodos</span> 
     </span>
     <span class='ocr_line' id='line_1_3' title="bbox 128 537 1086 626; baseline 0.003 -26"><span class='ocrx_word' id='word_1_10' title='bbox 128 537 260 613; x_wconf 82' lang='lat' dir='ltr'>sodates;</span> <span class='ocrx_word' id='word_1_11' title='bbox 292 540 343 600; x_wconf 88' lang='lat' dir='ltr'>sed</span> <span class='ocrx_word' id='word_1_12' title='bbox 365 540 499 601; x_wconf 90' lang='lat' dir='ltr'>movebat</span> <span class='ocrx_word' id='word_1_13' title='bbox 522 560 571 600; x_wconf 89' lang='lat' dir='ltr'>me</span> <span class='ocrx_word' id='word_1_14' title='bbox 587 539 757 601; x_wconf 85' lang='lat' dir='ltr'>Graecorum</span> <span class='ocrx_word' id='word_1_15' title='bbox 771 541 965 623; x_wconf 89' lang='lat' dir='ltr'>proverbium,</span> <span class='ocrx_word' id='word_1_16' title='bbox 985 541 1086 626; x_wconf 84' lang='lat' dir='ltr'>Opor-</span> 
     </span>
     <span class='ocr_line' id='line_1_4' title="bbox 128 618 1085 707; baseline 0.005 -26"><span class='ocrx_word' id='word_1_17' title='bbox 128 629 170 682; x_wconf 84' lang='lat' dir='ltr'>tet</span> <span class='ocrx_word' id='word_1_18' title='bbox 199 618 284 682; x_wconf 86' lang='lat' dir='ltr'>edere</span> <span class='ocrx_word' id='word_1_19' title='bbox 315 623 483 698; x_wconf 82' lang='lat' dir='ltr'>testudines,</span> <span class='ocrx_word' id='word_1_20' title='bbox 507 631 559 683; x_wconf 86' lang='lat' dir='ltr'>aut</span> <span class='ocrx_word' id='word_1_21' title='bbox 589 643 649 684; x_wconf 79' lang='lat' dir='ltr'>nott</span> <span class='ocrx_word' id='word_1_22' title='bbox 680 624 784 698; x_wconf 79' lang='lat' dir='ltr'>edere3</span> <span class='ocrx_word' id='word_1_23' title='bbox 814 624 910 707; x_wconf 87' lang='lat' dir='ltr'>itaque</span> <span class='ocrx_word' id='word_1_24' title='bbox 936 625 1085 688; x_wconf 86' lang='lat' dir='ltr'>decretum</span> 
     </span>
     <span class='ocr_line' id='line_1_5' title="bbox 127 705 1087 789; baseline 0.003 -23"><span class='ocrx_word' id='word_1_25' title='bbox 127 718 190 766; x_wconf 89' lang='lat' dir='ltr'>erat</span> <span class='ocrx_word' id='word_1_26' title='bbox 213 717 342 767; x_wconf 89' lang='lat' dir='ltr'>autnon</span> <span class='ocrx_word' id='word_1_27' title='bbox 364 727 428 766; x_wconf 88' lang='lat' dir='ltr'>esse</span> <span class='ocrx_word' id='word_1_28' title='bbox 453 705 637 781; x_wconf 88' lang='lat' dir='ltr'>monachum,</span> <span class='ocrx_word' id='word_1_29' title='bbox 660 720 710 767; x_wconf 91' lang='lat' dir='ltr'>aut</span> <span class='ocrx_word' id='word_1_30' title='bbox 733 707 878 789; x_wconf 81' lang='lat' dir='ltr'>insigniter</span> <span class='ocrx_word' id='word_1_31' title='bbox 901 727 965 769; x_wconf 88' lang='lat' dir='ltr'>esse</span> <span class='ocrx_word' id='word_1_32' title='bbox 986 729 1087 769; x_wconf 89' lang='lat' dir='ltr'>mona·</span> 
     </span>
     <span class='ocr_line' id='line_1_6' title="bbox 128 787 1086 872; baseline 0.004 -24"><span class='ocrx_word' id='word_1_33' title='bbox 128 787 227 848; x_wconf 85' lang='lat' dir='ltr'>chum.</span> <span class='ocrx_word' id='word_1_34' title='bbox 272 789 458 870; x_wconf 87' lang='lat' dir='ltr'>Acceperam</span> <span class='ocrx_word' id='word_1_35' title='bbox 479 809 547 849; x_wconf 91' lang='lat' dir='ltr'>esse</span> <span class='ocrx_word' id='word_1_36' title='bbox 569 789 932 872; x_wconf 81' lang='lat' dir='ltr'>quosdamBrigidenses,</span> <span class='ocrx_word' id='word_1_37' title='bbox 955 789 1086 852; x_wconf 82' lang='lat' dir='ltr'>homiues</span> 
     </span>
     <span class='ocr_line' id='line_1_7' title="bbox 128 870 703 952; baseline 0.005 -21"><span class='ocrx_word' id='word_1_38' title='bbox 128 870 217 952; x_wconf 77' lang='lat' dir='ltr'>plane</span> <span class='ocrx_word' id='word_1_39' title='bbox 232 872 384 950; x_wconf 79' lang='lat' dir='ltr'>eoelestes3</span> <span class='ocrx_word' id='word_1_40' title='bbox 406 872 443 933; x_wconf 88' lang='lat' dir='ltr'>ad</span> <span class='ocrx_word' id='word_1_41' title='bbox 458 872 511 932; x_wconf 92' lang='lat' dir='ltr'>hos</span> <span class='ocrx_word' id='word_1_42' title='bbox 525 893 573 932; x_wconf 88' lang='lat' dir='ltr'>me</span> <span class='ocrx_word' id='word_1_43' title='bbox 587 872 703 934; x_wconf 88' lang='lat' dir='ltr'>contuli.</span> 
     </span>
    </p>

    <p class='ocr_par' dir='ltr' id='par_1_3' title="bbox 171 953 664 1036">
     <span class='ocr_line' id='line_1_8' title="bbox 171 953 664 1036; baseline 0.004 -21"><span class='ocrx_word' id='word_1_44' title='bbox 171 953 235 1015; x_wconf 81' lang='lat' dir='ltr'>Eu.</span> <span class='ocrx_word' id='word_1_45' title='bbox 259 953 344 1026; x_wconf 84' lang='lat' dir='ltr'>Quot</span> <span class='ocrx_word' id='word_1_46' title='bbox 357 975 473 1032; x_wconf 87' lang='lat' dir='ltr'>menses</span> <span class='ocrx_word' id='word_1_47' title='bbox 488 955 546 1017; x_wconf 91' lang='lat' dir='ltr'>illic</span> <span class='ocrx_word' id='word_1_48' title='bbox 561 955 664 1036; x_wconf 80' lang='lat' dir='ltr'>egisti?</span> 
     </span>
    </p>

    <p class='ocr_par' dir='ltr' id='par_1_4' title="bbox 170 1032 711 1114">
     <span class='ocr_line' id='line_1_9' title="bbox 170 1032 711 1114; baseline -0.002 -14"><span class='ocrx_word' id='word_1_49' title='bbox 170 1032 232 1100; x_wconf 88' lang='lat' dir='ltr'>Pu.</span> <span class='ocrx_word' id='word_1_50' title='bbox 256 1037 395 1114; x_wconf 87' lang='lat' dir='ltr'><strong>Biduum,</strong></span> <span class='ocrx_word' id='word_1_51' title='bbox 410 1059 465 1099; x_wconf 91' lang='lat' dir='ltr'>nec</span> <span class='ocrx_word' id='word_1_52' title='bbox 480 1037 510 1098; x_wconf 94' lang='lat' dir='ltr'>id</span> <span class='ocrx_word' id='word_1_53' title='bbox 524 1037 595 1099; x_wconf 71' lang='lat' dir='ltr'>sane</span> <span class='ocrx_word' id='word_1_54' title='bbox 610 1051 711 1100; x_wconf 88' lang='lat' dir='ltr'>totum.</span> 
     </span>
    </p>

    <p class='ocr_par' dir='ltr' id='par_1_5' title="bbox 176 1119 841 1203">
     <span class='ocr_line' id='line_1_10' title="bbox 176 1119 841 1203; baseline 0.002 -22"><span class='ocrx_word' id='word_1_55' title='bbox 176 1119 226 1182; x_wconf 77' lang='lat' dir='ltr'>Gl.</span> <span class='ocrx_word' id='word_1_56' title='bbox 249 1119 351 1203; x_wconf 87' lang='lat' dir='ltr'>Usque</span> <span class='ocrx_word' id='word_1_57' title='bbox 367 1123 442 1182; x_wconf 85' lang='lat' dir='ltr'>adeb</span> <span class='ocrx_word' id='word_1_58' title='bbox 456 1121 565 1202; x_wconf 88' lang='lat' dir='ltr'>placuit</span> <span class='ocrx_word' id='word_1_59' title='bbox 580 1122 637 1182; x_wconf 90' lang='lat' dir='ltr'>hoc</span> <span class='ocrx_word' id='word_1_60' title='bbox 652 1121 715 1182; x_wconf 87' lang='lat' dir='ltr'>vitae</span> <span class='ocrx_word' id='word_1_61' title='bbox 731 1120 841 1202; x_wconf 82' lang='lat' dir='ltr'>genus?</span> 
     </span>
    </p>

    <p class='ocr_par' dir='ltr' id='par_1_6' title="bbox 128 1203 1088 1536">
     <span class='ocr_line' id='line_1_11' title="bbox 172 1203 1086 1290; baseline 0.004 -26"><span class='ocrx_word' id='word_1_62' title='bbox 172 1203 233 1264; x_wconf 85' lang='lat' dir='ltr'>Pu.</span> <span class='ocrx_word' id='word_1_63' title='bbox 257 1203 327 1264; x_wconf 92' lang='lat' dir='ltr'>Non</span> <span class='ocrx_word' id='word_1_64' title='bbox 338 1204 479 1286; x_wconf 88' lang='lat' dir='ltr'>recipiunt</span> <span class='ocrx_word' id='word_1_65' title='bbox 490 1205 543 1265; x_wconf 90' lang='lat' dir='ltr'>nisi</span> <span class='ocrx_word' id='word_1_66' title='bbox 555 1205 603 1287; x_wconf 94' lang='lat' dir='ltr'>qui</span> <span class='ocrx_word' id='word_1_67' title='bbox 614 1204 851 1290; x_wconf 32' lang='lat' dir='ltr'>moxflobstn&#39;ngat</span> <span class='ocrx_word' id='word_1_68' title='bbox 863 1225 894 1265; x_wconf 88' lang='lat' dir='ltr'>se</span> <span class='ocrx_word' id='word_1_69' title='bbox 905 1203 1086 1286; x_wconf 84' lang='lat' dir='ltr'><strong>professioni.</strong></span> 
     </span>
     <span class='ocr_line' id='line_1_12' title="bbox 128 1285 1087 1369; baseline 0.004 -22"><span class='ocrx_word' id='word_1_70' title='bbox 128 1285 170 1347; x_wconf 85' lang='lat' dir='ltr'>At</span> <span class='ocrx_word' id='word_1_71' title='bbox 184 1307 241 1367; x_wconf 82' lang='lat' dir='ltr'>ego</span> <span class='ocrx_word' id='word_1_72' title='bbox 254 1286 384 1346; x_wconf 90' lang='lat' dir='ltr'>nondum</span> <span class='ocrx_word' id='word_1_73' title='bbox 400 1286 475 1348; x_wconf 79' lang='lat' dir='ltr'>adeti</span> <span class='ocrx_word' id='word_1_74' title='bbox 496 1287 673 1348; x_wconf 84' lang='lat' dir='ltr'>insaniebam</span> <span class='ocrx_word' id='word_1_75' title='bbox 696 1299 728 1347; x_wconf 92' lang='lat' dir='ltr'>ut</span> <span class='ocrx_word' id='word_1_76' title='bbox 752 1285 834 1348; x_wconf 73' lang='lat' dir='ltr'>facile</span> <span class='ocrx_word' id='word_1_77' title='bbox 856 1309 904 1348; x_wconf 91' lang='lat' dir='ltr'>me</span> <span class='ocrx_word' id='word_1_78' title='bbox 926 1289 1087 1369; x_wconf 82' lang='lat' dir='ltr'>praeberem</span> 
     </span>
     <span class='ocr_line' id='line_1_13' title="bbox 128 1369 1088 1456; baseline 0.004 -27"><span class='ocrx_word' id='word_1_79' title='bbox 128 1371 268 1456; x_wconf 85' lang='lat' dir='ltr'>capistro,</span> <span class='ocrx_word' id='word_1_80' title='bbox 294 1369 381 1451; x_wconf 69' lang='lat' dir='ltr'>quod*</span> <span class='ocrx_word' id='word_1_81' title='bbox 399 1391 546 1452; x_wconf 89' lang='lat' dir='ltr'>nunquam</span> <span class='ocrx_word' id='word_1_82' title='bbox 579 1370 680 1430; x_wconf 88' lang='lat' dir='ltr'>liceret</span> <span class='ocrx_word' id='word_1_83' title='bbox 716 1383 875 1445; x_wconf 85' lang='lat' dir='ltr'>excutere3</span> <span class='ocrx_word' id='word_1_84' title='bbox 915 1383 943 1432; x_wconf 87' lang='lat' dir='ltr'>et</span> <span class='ocrx_word' id='word_1_85' title='bbox 976 1373 1088 1453; x_wconf 85' lang='lat' dir='ltr'>quoties</span> 
     </span>
     <span class='ocr_line' id='line_1_14' title="bbox 128 1452 1086 1536; baseline 0.003 -24"><span class='ocrx_word' id='word_1_86' title='bbox 128 1452 285 1513; x_wconf 85' lang='lat' dir='ltr'>audiebam</span> <span class='ocrx_word' id='word_1_87' title='bbox 295 1466 432 1513; x_wconf 85' lang='lat' dir='ltr'>canentes</span> <span class='ocrx_word' id='word_1_88' title='bbox 447 1454 580 1534; x_wconf 82' lang='lat' dir='ltr'>virgines,</span> <span class='ocrx_word' id='word_1_89' title='bbox 592 1452 738 1513; x_wconf 89' lang='lat' dir='ltr'>cruciabat</span> <span class='ocrx_word' id='word_1_90' title='bbox 748 1452 875 1514; x_wconf 90' lang='lat' dir='ltr'>animum</span> <span class='ocrx_word' id='word_1_91' title='bbox 889 1473 965 1514; x_wconf 85' lang='lat' dir='ltr'>uxor</span> <span class='ocrx_word' id='word_1_92' title='bbox 975 1468 1086 1536; x_wconf 87' lang='lat' dir='ltr'>erepta.</span> 
     </span>
    </p>

    <p class='ocr_par' dir='ltr' id='par_1_7' title="bbox 175 1534 477 1606">
     <span class='ocr_line' id='line_1_15' title="bbox 175 1534 477 1606; baseline 0.007 -10"><span class='ocrx_word' id='word_1_93' title='bbox 175 1534 226 1596; x_wconf 77' lang='lat' dir='ltr'>Gt.</span> <span class='ocrx_word' id='word_1_94' title='bbox 253 1535 334 1606; x_wconf 79' lang='lat' dir='ltr'>Quid</span> <span class='ocrx_word' id='word_1_95' title='bbox 351 1535 477 1598; x_wconf 87' lang='lat' dir='ltr'>deinde?</span> 
     </span>
    </p>

    <p class='ocr_par' dir='ltr' id='par_1_8' title="bbox 126 1617 1089 2608">
     <span class='ocr_line' id='line_1_16' title="bbox 170 1617 1088 1702; baseline 0.002 -22"><span class='ocrx_word' id='word_1_96' title='bbox 170 1617 229 1680; x_wconf 89' lang='lat' dir='ltr'>Pu.</span> <span class='ocrx_word' id='word_1_97' title='bbox 253 1619 388 1680; x_wconf 86' lang='lat' dir='ltr'>Ardebat</span> <span class='ocrx_word' id='word_1_98' title='bbox 410 1619 522 1681; x_wconf 88' lang='lat' dir='ltr'>animus</span> <span class='ocrx_word' id='word_1_99' title='bbox 544 1639 642 1680; x_wconf 89' lang='lat' dir='ltr'>amore</span> <span class='ocrx_word' id='word_1_100' title='bbox 661 1618 865 1694; x_wconf 80' lang='lat' dir='ltr'>sanctimonie,</span> <span class='ocrx_word' id='word_1_101' title='bbox 887 1637 944 1680; x_wconf 85' lang='lat' dir='ltr'>nec</span> <span class='ocrx_word' id='word_1_102' title='bbox 965 1640 1088 1702; x_wconf 87' lang='lat' dir='ltr'>usquam</span> 
     </span>
     <span class='ocr_line' id='line_1_17' title="bbox 127 1701 1088 1766; baseline 0.002 -2"><span class='ocrx_word' id='word_1_103' title='bbox 127 1701 283 1764; x_wconf 87' lang='lat' dir='ltr'>satisfiebat</span> <span class='ocrx_word' id='word_1_104' title='bbox 312 1702 409 1762; x_wconf 88' lang='lat' dir='ltr'>animo</span> <span class='ocrx_word' id='word_1_105' title='bbox 432 1725 509 1764; x_wconf 86' lang='lat' dir='ltr'>meu.</span> <span class='ocrx_word' id='word_1_106' title='bbox 568 1701 704 1763; x_wconf 89' lang='lat' dir='ltr'>Tandem</span> <span class='ocrx_word' id='word_1_107' title='bbox 732 1703 920 1764; x_wconf 86' lang='lat' dir='ltr'>obambulans</span> <span class='ocrx_word' id='word_1_108' title='bbox 945 1703 1030 1765; x_wconf 92' lang='lat' dir='ltr'>incidi</span> <span class='ocrx_word' id='word_1_109' title='bbox 1058 1704 1088 1766; x_wconf 91' lang='lat' dir='ltr'>in</span> 
     </span>
     <span class='ocr_line' id='line_1_18' title="bbox 127 1785 1088 1869; baseline 0.003 -23"><span class='ocrx_word' id='word_1_110' title='bbox 127 1787 269 1869; x_wconf 91' lang='lat' dir='ltr'>quosdam</span> <span class='ocrx_word' id='word_1_111' title='bbox 294 1785 480 1868; x_wconf 76' lang='lat' dir='ltr'>preferentes</span> <span class='ocrx_word' id='word_1_112' title='bbox 502 1807 629 1848; x_wconf 89' lang='lat' dir='ltr'>crucem.</span> <span class='ocrx_word' id='word_1_113' title='bbox 675 1785 743 1847; x_wconf 89' lang='lat' dir='ltr'>Hoc</span> <span class='ocrx_word' id='word_1_114' title='bbox 766 1785 878 1867; x_wconf 85' lang='lat' dir='ltr'>signum</span> <span class='ocrx_word' id='word_1_115' title='bbox 903 1786 975 1848; x_wconf 94' lang='lat' dir='ltr'>mihi</span> <span class='ocrx_word' id='word_1_116' title='bbox 999 1788 1088 1869; x_wconf 89' lang='lat' dir='ltr'>proti·</span> 
     </span>
     <span class='ocr_line' id='line_1_19' title="bbox 126 1869 1088 1953; baseline 0.002 -23"><span class='ocrx_word' id='word_1_117' title='bbox 126 1889 183 1930; x_wconf 87' lang='lat' dir='ltr'>nus</span> <span class='ocrx_word' id='word_1_118' title='bbox 199 1869 298 1944; x_wconf 83' lang='lat' dir='ltr'>arrisit,</span> <span class='ocrx_word' id='word_1_119' title='bbox 311 1870 361 1930; x_wconf 91' lang='lat' dir='ltr'>sed</span> <span class='ocrx_word' id='word_1_120' title='bbox 376 1871 573 1931; x_wconf 85' lang='lat' dir='ltr'>remorabatur</span> <span class='ocrx_word' id='word_1_121' title='bbox 588 1869 760 1932; x_wconf 87' lang='lat' dir='ltr'>electionem</span> <span class='ocrx_word' id='word_1_122' title='bbox 775 1869 904 1931; x_wconf 76' lang='lat' dir='ltr'>sanetas.</span> <span class='ocrx_word' id='word_1_123' title='bbox 948 1869 1008 1931; x_wconf 84' lang='lat' dir='ltr'>Alii</span> <span class='ocrx_word' id='word_1_124' title='bbox 1022 1891 1088 1953; x_wconf 79' lang='lat' dir='ltr'>ges-</span> 
     </span>
     <span class='ocr_line' id='line_1_20' title="bbox 127 1952 1087 2030; baseline 0.004 -18"><span class='ocrx_word' id='word_1_125' title='bbox 127 1952 229 2012; x_wconf 88' lang='lat' dir='ltr'>tabant</span> <span class='ocrx_word' id='word_1_126' title='bbox 248 1952 353 2027; x_wconf 84' lang='lat' dir='ltr'>albam,</span> <span class='ocrx_word' id='word_1_127' title='bbox 372 1953 417 2013; x_wconf 88' lang='lat' dir='ltr'>alii</span> <span class='ocrx_word' id='word_1_128' title='bbox 440 1953 565 2028; x_wconf 89' lang='lat' dir='ltr'>rubram,</span> <span class='ocrx_word' id='word_1_129' title='bbox 581 1953 628 2014; x_wconf 91' lang='lat' dir='ltr'>alii</span> <span class='ocrx_word' id='word_1_130' title='bbox 649 1953 781 2027; x_wconf 90' lang='lat' dir='ltr'>viridem,</span> <span class='ocrx_word' id='word_1_131' title='bbox 803 1952 850 2012; x_wconf 91' lang='lat' dir='ltr'>alii</span> <span class='ocrx_word' id='word_1_132' title='bbox 873 1953 1087 2030; x_wconf 88' lang='lat' dir='ltr'>versicolorem,</span> 
     </span>
     <span class='ocr_line' id='line_1_21' title="bbox 130 2025 1088 2118; baseline 0.006 -24"><span class='ocrx_word' id='word_1_133' title='bbox 130 2033 180 2094; x_wconf 90' lang='lat' dir='ltr'>alii</span> <span class='ocrx_word' id='word_1_134' title='bbox 190 2025 359 2114; x_wconf 75' lang='lat' dir='ltr'>simplicem,</span> <span class='ocrx_word' id='word_1_135' title='bbox 370 2035 416 2094; x_wconf 87' lang='lat' dir='ltr'>alii</span> <span class='ocrx_word' id='word_1_136' title='bbox 424 2036 581 2118; x_wconf 88' lang='lat' dir='ltr'>duplicem,</span> <span class='ocrx_word' id='word_1_137' title='bbox 592 2035 720 2096; x_wconf 90' lang='lat' dir='ltr'>nonnulli</span> <span class='ocrx_word' id='word_1_138' title='bbox 732 2034 960 2118; x_wconf 88' lang='lat' dir='ltr'>quadruplicem,</span> <span class='ocrx_word' id='word_1_139' title='bbox 971 2036 1017 2096; x_wconf 91' lang='lat' dir='ltr'>alii</span> <span class='ocrx_word' id='word_1_140' title='bbox 1032 2037 1088 2100; x_wconf 72' lang='lat' dir='ltr'>aliti</span> 
     </span>
     <span class='ocr_line' id='line_1_22' title="bbox 129 2114 1088 2201; baseline 0.004 -25"><span class='ocrx_word' id='word_1_141' title='bbox 129 2129 219 2198; x_wconf 91' lang='lat' dir='ltr'>atque</span> <span class='ocrx_word' id='word_1_142' title='bbox 234 2114 290 2177; x_wconf 70' lang='lat' dir='ltr'>alia</span> <span class='ocrx_word' id='word_1_143' title='bbox 302 2115 394 2200; x_wconf 69' lang='lat' dir='ltr'>figura</span> <span class='ocrx_word' id='word_1_144' title='bbox 402 2119 548 2180; x_wconf 83' lang='lat' dir='ltr'>variatam.</span> <span class='ocrx_word' id='word_1_145' title='bbox 601 2117 678 2201; x_wconf 81' lang='lat' dir='ltr'>Ego,</span> <span class='ocrx_word' id='word_1_146' title='bbox 687 2139 724 2180; x_wconf 89' lang='lat' dir='ltr'>ne</span> <span class='ocrx_word' id='word_1_147' title='bbox 739 2116 808 2201; x_wconf 93' lang='lat' dir='ltr'>quid</span> <span class='ocrx_word' id='word_1_148' title='bbox 819 2117 990 2180; x_wconf 87' lang='lat' dir='ltr'>intentatum</span> <span class='ocrx_word' id='word_1_149' title='bbox 1001 2119 1088 2181; x_wconf 91' lang='lat' dir='ltr'>relin-</span> 
     </span>
     <span class='ocr_line' id='line_1_23' title="bbox 129 2199 1088 2290; baseline 0.004 -30"><span class='ocrx_word' id='word_1_150' title='bbox 129 2219 249 2282; x_wconf 87' lang='lat' dir='ltr'>querem</span> <span class='ocrx_word' id='word_1_151' title='bbox 258 2221 359 2262; x_wconf 89' lang='lat' dir='ltr'>omnes</span> <span class='ocrx_word' id='word_1_152' title='bbox 369 2199 460 2262; x_wconf 76' lang='lat' dir='ltr'>senne</span> <span class='ocrx_word' id='word_1_153' title='bbox 472 2201 578 2264; x_wconf 84' lang='lat' dir='ltr'>formas</span> <span class='ocrx_word' id='word_1_154' title='bbox 591 2203 666 2286; x_wconf 82' lang='lat' dir='ltr'>gessi</span> <span class='ocrx_word' id='word_1_155' title='bbox 678 2225 687 2280; x_wconf 91' lang='lat'>;</span> <span class='ocrx_word' id='word_1_156' title='bbox 708 2201 811 2290; x_wconf 78' lang='lat' dir='ltr'>verbm</span> <span class='ocrx_word' id='word_1_157' title='bbox 824 2199 889 2283; x_wconf 69' lang='lat' dir='ltr'>ipsi</span> <span class='ocrx_word' id='word_1_158' title='bbox 901 2221 933 2262; x_wconf 92' lang='lat' dir='ltr'>re</span> <span class='ocrx_word' id='word_1_159' title='bbox 947 2203 1088 2286; x_wconf 86' lang='lat' dir='ltr'>comperi,</span> 
     </span>
     <span class='ocr_line' id='line_1_24' title="bbox 127 2282 1088 2366; baseline 0.003 -23"><span class='ocrx_word' id='word_1_160' title='bbox 127 2282 212 2366; x_wconf 83' lang='lat' dir='ltr'>longe</span> <span class='ocrx_word' id='word_1_161' title='bbox 234 2283 311 2346; x_wconf 84' lang='lat' dir='ltr'>aliud</span> <span class='ocrx_word' id='word_1_162' title='bbox 333 2304 398 2346; x_wconf 90' lang='lat' dir='ltr'>esse</span> <span class='ocrx_word' id='word_1_163' title='bbox 419 2285 604 2348; x_wconf 82' lang='lat' dir='ltr'>circumferre</span> <span class='ocrx_word' id='word_1_164' title='bbox 619 2305 738 2346; x_wconf 89' lang='lat' dir='ltr'>crucem</span> <span class='ocrx_word' id='word_1_165' title='bbox 752 2285 781 2345; x_wconf 92' lang='lat' dir='ltr'>in</span> <span class='ocrx_word' id='word_1_166' title='bbox 802 2283 889 2366; x_wconf 89' lang='lat' dir='ltr'>pallio</span> <span class='ocrx_word' id='word_1_167' title='bbox 903 2305 955 2346; x_wconf 90' lang='lat' dir='ltr'>seu</span> <span class='ocrx_word' id='word_1_168' title='bbox 977 2284 1088 2361; x_wconf 65' lang='lat' dir='ltr'>tunica,</span> 
     </span>
     <span class='ocr_line' id='line_1_25' title="bbox 127 2365 1089 2464; baseline 0.004 -38"><span class='ocrx_word' id='word_1_169' title='bbox 127 2365 217 2448; x_wconf 75' lang='lat' dir='ltr'>quim</span> <span class='ocrx_word' id='word_1_170' title='bbox 237 2366 267 2428; x_wconf 90' lang='lat' dir='ltr'>in</span> <span class='ocrx_word' id='word_1_171' title='bbox 288 2367 387 2430; x_wconf 87' lang='lat' dir='ltr'>corde.</span> <span class='ocrx_word' id='word_1_172' title='bbox 442 2367 580 2430; x_wconf 88' lang='lat' dir='ltr'>Tandem</span> <span class='ocrx_word' id='word_1_173' title='bbox 603 2367 694 2430; x_wconf 89' lang='lat' dir='ltr'>sessus</span> <span class='ocrx_word' id='word_1_174' title='bbox 719 2367 898 2464; x_wconf 86' lang='lat' dir='ltr'>inquirendo,</span> <span class='ocrx_word' id='word_1_175' title='bbox 914 2368 955 2429; x_wconf 89' lang='lat' dir='ltr'>sic</span> <span class='ocrx_word' id='word_1_176' title='bbox 969 2389 1089 2430; x_wconf 89' lang='lat' dir='ltr'>mecum</span> 
     </span>
     <span class='ocr_line' id='line_1_26' title="bbox 126 2449 1088 2535; baseline 0.002 -25"><span class='ocrx_word' id='word_1_177' title='bbox 126 2449 301 2532; x_wconf 82' lang='lat' dir='ltr'>cogitabam,</span> <span class='ocrx_word' id='word_1_178' title='bbox 312 2463 346 2511; x_wconf 91' lang='lat' dir='ltr'>ut</span> <span class='ocrx_word' id='word_1_179' title='bbox 359 2450 452 2510; x_wconf 85' lang='lat' dir='ltr'>semel</span> <span class='ocrx_word' id='word_1_180' title='bbox 466 2472 582 2512; x_wconf 88' lang='lat' dir='ltr'>omnem</span> <span class='ocrx_word' id='word_1_181' title='bbox 598 2450 812 2512; x_wconf 80' lang='lat' dir='ltr'>sanctimoniam</span> <span class='ocrx_word' id='word_1_182' title='bbox 828 2469 974 2532; x_wconf 89' lang='lat' dir='ltr'>assequar,</span> <span class='ocrx_word' id='word_1_183' title='bbox 989 2463 1088 2535; x_wconf 83' lang='lat' dir='ltr'>petam</span> 
     </span>
     <span class='ocr_line' id='line_1_27' title="bbox 127 2531 1022 2608; baseline 0.008 -16"><span class='ocrx_word' id='word_1_184' title='bbox 127 2543 236 2594; x_wconf 90' lang='lat' dir='ltr'>terram</span> <span class='ocrx_word' id='word_1_185' title='bbox 251 2545 381 2594; x_wconf 90' lang='lat' dir='ltr'>sanctam</span> <span class='ocrx_word' id='word_1_186' title='bbox 395 2552 430 2592; x_wconf 93' lang='lat' dir='ltr'>ac</span> <span class='ocrx_word' id='word_1_187' title='bbox 443 2532 544 2594; x_wconf 85' lang='lat' dir='ltr'>redibo</span> <span class='ocrx_word' id='word_1_188' title='bbox 559 2533 683 2608; x_wconf 86' lang='lat' dir='ltr'>domurn</span> <span class='ocrx_word' id='word_1_189' title='bbox 692 2531 882 2594; x_wconf 67' lang='lat' dir='ltr'>sanctimonii</span> <span class='ocrx_word' id='word_1_190' title='bbox 894 2544 1022 2599; x_wconf 88' lang='lat' dir='ltr'>onustus.</span> 
     </span>
    </p>

    <p class='ocr_par' dir='ltr' id='par_1_9' title="bbox 170 2613 611 2697">
     <span class='ocr_line' id='line_1_28' title="bbox 170 2613 611 2697; baseline 0.005 -21"><span class='ocrx_word' id='word_1_191' title='bbox 170 2613 229 2676; x_wconf 92' lang='lat' dir='ltr'>Po.</span> <span class='ocrx_word' id='word_1_192' title='bbox 254 2613 337 2676; x_wconf 91' lang='lat' dir='ltr'>Num</span> <span class='ocrx_word' id='word_1_193' title='bbox 352 2613 390 2676; x_wconf 81' lang='lat' dir='ltr'>eb</span> <span class='ocrx_word' id='word_1_194' title='bbox 400 2613 545 2697; x_wconf 84' lang='lat' dir='ltr'>profectus</span> <span class='ocrx_word' id='word_1_195' title='bbox 560 2616 611 2678; x_wconf 90' lang='lat' dir='ltr'>es?</span> 
     </span>
    </p>

    <p class='ocr_par' dir='ltr' id='par_1_10' title="bbox 171 2695 399 2760">
     <span class='ocr_line' id='line_1_29' title="bbox 171 2695 399 2760; baseline -0.004 0"><span class='ocrx_word' id='word_1_196' title='bbox 171 2697 234 2760; x_wconf 88' lang='lat' dir='ltr'>Pu.</span> <span class='ocrx_word' id='word_1_197' title='bbox 257 2695 399 2760; x_wconf 71' lang='lat' dir='ltr'>Maxime.</span> 
     </span>
    </p>

    <p class='ocr_par' dir='ltr' id='par_1_11' title="bbox 170 2779 700 2865">
     <span class='ocr_line' id='line_1_30' title="bbox 170 2779 700 2865; baseline 0.006 -23"><span class='ocrx_word' id='word_1_198' title='bbox 170 2780 230 2842; x_wconf 89' lang='lat' dir='ltr'>Pu.</span> <span class='ocrx_word' id='word_1_199' title='bbox 253 2779 342 2844; x_wconf 89' lang='lat' dir='ltr'>Unde</span> <span class='ocrx_word' id='word_1_200' title='bbox 357 2782 531 2865; x_wconf 86' lang='lat' dir='ltr'>suppetebat</span> <span class='ocrx_word' id='word_1_201' title='bbox 545 2783 700 2846; x_wconf 88' lang='lat' dir='ltr'>viaticum?</span> 
     </span>
    </p>

    <p class='ocr_par' dir='ltr' id='par_1_12' title="bbox 128 2863 1088 3173">
     <span class='ocr_line' id='line_1_31' title="bbox 172 2863 1088 2949; baseline 0.002 -24"><span class='ocrx_word' id='word_1_202' title='bbox 172 2863 231 2932; x_wconf 87' lang='lat' dir='ltr'>Pu.</span> <span class='ocrx_word' id='word_1_203' title='bbox 253 2863 391 2928; x_wconf 90' lang='lat' dir='ltr'>Demiror</span> <span class='ocrx_word' id='word_1_204' title='bbox 404 2866 480 2928; x_wconf 90' lang='lat' dir='ltr'>istud</span> <span class='ocrx_word' id='word_1_205' title='bbox 499 2889 577 2928; x_wconf 93' lang='lat' dir='ltr'>nuuc</span> <span class='ocrx_word' id='word_1_206' title='bbox 599 2866 730 2949; x_wconf 89' lang='lat' dir='ltr'>denique·</span> <span class='ocrx_word' id='word_1_207' title='bbox 740 2863 790 2926; x_wconf 91' lang='lat' dir='ltr'>tibi</span> <span class='ocrx_word' id='word_1_208' title='bbox 804 2864 901 2928; x_wconf 87' lang='lat' dir='ltr'>venire</span> <span class='ocrx_word' id='word_1_209' title='bbox 915 2865 944 2928; x_wconf 93' lang='lat' dir='ltr'>in</span> <span class='ocrx_word' id='word_1_210' title='bbox 958 2879 1088 2930; x_wconf 82' lang='lat' dir='ltr'>mentem</span> 
     </span>
     <span class='ocr_line' id='line_1_32' title="bbox 128 2946 1088 3030; baseline 0.001 -22"><span class='ocrx_word' id='word_1_211' title='bbox 128 2959 162 3008; x_wconf 91' lang='lat' dir='ltr'>ut</span> <span class='ocrx_word' id='word_1_212' title='bbox 176 2968 301 3028; x_wconf 80' lang='lat' dir='ltr'>rogares,</span> <span class='ocrx_word' id='word_1_213' title='bbox 316 2970 351 3010; x_wconf 88' lang='lat' dir='ltr'>ac</span> <span class='ocrx_word' id='word_1_214' title='bbox 364 2969 422 3010; x_wconf 90' lang='lat' dir='ltr'>non</span> <span class='ocrx_word' id='word_1_215' title='bbox 441 2949 534 3010; x_wconf 84' lang='lat' dir='ltr'>multd</span> <span class='ocrx_word' id='word_1_216' title='bbox 548 2963 615 3011; x_wconf 88' lang='lat' dir='ltr'>ante</span> <span class='ocrx_word' id='word_1_217' title='bbox 640 2959 864 3030; x_wconf 89' lang='lat' dir='ltr'>percunctatum</span> <span class='ocrx_word' id='word_1_218' title='bbox 886 2949 982 3012; x_wconf 72' lang='lat' dir='ltr'>firisse,</span> <span class='ocrx_word' id='word_1_219' title='bbox 1026 2946 1088 3009; x_wconf 86' lang='lat' dir='ltr'>Sed</span> 
     </span>
     <span class='ocr_line' id='line_1_33' title="bbox 128 3028 874 3173; baseline 0.005 -82"><span class='ocrx_word' id='word_1_220' title='bbox 128 3029 204 3091; x_wconf 82' lang='lat' dir='ltr'>nbsti</span> <span class='ocrx_word' id='word_1_221' title='bbox 211 3031 416 3173; x_wconf 61' lang='lat' dir='ltr'>lproverbium,</span> <span class='ocrx_word' id='word_1_222' title='bbox 431 3032 538 3112; x_wconf 74' lang='lat' dir='ltr'>queuis</span> <span class='ocrx_word' id='word_1_223' title='bbox 553 3041 633 3092; x_wconf 83' lang='lat' dir='ltr'>tarra</span> <span class='ocrx_word' id='word_1_224' title='bbox 648 3028 705 3092; x_wconf 78' lang='lat' dir='ltr'>alit</span> <span class='ocrx_word' id='word_1_225' title='bbox 719 3029 874 3114; x_wconf 82' lang='lat' dir='ltr'>artificem.</span> 
     </span>
    </p>

    <p class='ocr_par' dir='ltr' id='par_1_13' title="bbox 177 3111 718 3182">
     <span class='ocr_line' id='line_1_34' title="bbox 177 3111 718 3182; baseline 0.004 -8"><span class='ocrx_word' id='word_1_226' title='bbox 177 3111 208 3174; x_wconf 78' lang='lat' dir='ltr'><em>G</em></span> <span class='ocrx_word' id='word_1_227' title='bbox 223 3159 229 3172; x_wconf 93' lang='lat'><em>.</em></span> <span class='ocrx_word' id='word_1_228' title='bbox 255 3111 357 3182; x_wconf 79' lang='lat' dir='ltr'>Quam</span> <span class='ocrx_word' id='word_1_229' title='bbox 371 3125 462 3174; x_wconf 86' lang='lat' dir='ltr'>artem</span> <span class='ocrx_word' id='word_1_230' title='bbox 476 3113 718 3176; x_wconf 83' lang='lat' dir='ltr'>circumferebas?</span> 
     </span>
    </p>

    <p class='ocr_par' dir='ltr' id='par_1_14' title="bbox 169 3193 565 3434">
     <span class='ocr_line' id='line_1_35' title="bbox 172 3193 511 3259; baseline -0.003 0"><span class='ocrx_word' id='word_1_231' title='bbox 172 3196 231 3259; x_wconf 85' lang='lat' dir='ltr'>Pa.</span> <span class='ocrx_word' id='word_1_232' title='bbox 256 3193 511 3258; x_wconf 89' lang='lat' dir='ltr'>Chiromanticam.</span> 
     </span>
     <span class='ocr_line' id='line_1_36' title="bbox 176 3276 565 3342; baseline 0.003 -1"><span class='ocrx_word' id='word_1_233' title='bbox 176 3278 225 3341; x_wconf 76' lang='lat' dir='ltr'>Gt.</span> <span class='ocrx_word' id='word_1_234' title='bbox 249 3276 310 3340; x_wconf 91' lang='lat' dir='ltr'>Ubi</span> <span class='ocrx_word' id='word_1_235' title='bbox 324 3299 389 3341; x_wconf 90' lang='lat' dir='ltr'>eam</span> <span class='ocrx_word' id='word_1_236' title='bbox 405 3278 565 3342; x_wconf 85' lang='lat' dir='ltr'>didiceras?</span> 
     </span>
     <span class='ocr_line' id='line_1_37' title="bbox 169 3359 457 3434; baseline -0.007 -9"><span class='ocrx_word' id='word_1_237' title='bbox 169 3359 229 3425; x_wconf 89' lang='lat' dir='ltr'>Pu.</span> <span class='ocrx_word' id='word_1_238' title='bbox 253 3361 336 3434; x_wconf 80' lang='lat' dir='ltr'>Quid</span> <span class='ocrx_word' id='word_1_239' title='bbox 350 3361 457 3424; x_wconf 84' lang='lat' dir='ltr'>refert?</span> 
     </span>
    </p>

    <p class='ocr_par' dir='ltr' id='par_1_15' title="bbox 176 3437 538 3529">
     <span class='ocr_line' id='line_1_38' title="bbox 176 3437 538 3529; baseline 0.008 -23"><span class='ocrx_word' id='word_1_240' title='bbox 176 3445 225 3508; x_wconf 78' lang='lat' dir='ltr'>Gt.</span> <span class='ocrx_word' id='word_1_241' title='bbox 250 3445 325 3518; x_wconf 84' lang='lat' dir='ltr'>Quo</span> <span class='ocrx_word' id='word_1_242' title='bbox 339 3437 538 3529; x_wconf 73' lang='lat' dir='ltr'>preceptore?</span> 
     </span>
    </p>
   </div>
   <div class='ocr_carea' id='block_1_3' title="bbox 128 3528 1154 3759">
    <p class='ocr_par' dir='ltr' id='par_1_16' title="bbox 128 3528 1154 3759">
     <span class='ocr_line' id='line_1_39' title="bbox 171 3528 1091 3619; baseline 0.011 -29"><span class='ocrx_word' id='word_1_243' title='bbox 171 3528 230 3590; x_wconf 87' lang='lat' dir='ltr'>Pu.</span> <span class='ocrx_word' id='word_1_244' title='bbox 253 3528 302 3591; x_wconf 87' lang='lat' dir='ltr'>Eo</span> <span class='ocrx_word' id='word_1_245' title='bbox 317 3529 366 3613; x_wconf 93' lang='lat' dir='ltr'>qui</span> <span class='ocrx_word' id='word_1_246' title='bbox 379 3529 448 3591; x_wconf 90' lang='lat' dir='ltr'>nihil</span> <span class='ocrx_word' id='word_1_247' title='bbox 461 3551 521 3594; x_wconf 91' lang='lat' dir='ltr'>non</span> <span class='ocrx_word' id='word_1_248' title='bbox 536 3531 631 3610; x_wconf 89' lang='lat' dir='ltr'>docet,</span> <span class='ocrx_word' id='word_1_249' title='bbox 647 3544 757 3596; x_wconf 87' lang='lat' dir='ltr'>ventre.</span> <span class='ocrx_word' id='word_1_250' title='bbox 802 3528 1002 3597; x_wconf 73' lang='lat' dir='ltr'>predicebam</span> <span class='ocrx_word' id='word_1_251' title='bbox 1016 3555 1091 3619; x_wconf 80' lang='lat' dir='ltr'>pra·</span> 
     </span>
     <span class='ocr_line' id='line_1_40' title="bbox 128 3611 1154 3696; baseline 0.001 -20"><span class='ocrx_word' id='word_1_252' title='bbox 128 3613 222 3688; x_wconf 85' lang='lat' dir='ltr'>terite,</span> <span class='ocrx_word' id='word_1_253' title='bbox 237 3611 339 3688; x_wconf 81' lang='lat' dir='ltr'>littura,</span> <span class='ocrx_word' id='word_1_254' title='bbox 354 3614 514 3696; x_wconf 81' lang='lat' dir='ltr'>praesentia.</span> <span class='ocrx_word' id='word_1_255' title='bbox 1151 3615 1154 3622; x_wconf 86' lang='lat'>&#39;</span> 
     </span>
     <span class='ocr_line' id='line_1_41' title="bbox 176 3695 437 3759; baseline 0 0"><span class='ocrx_word' id='word_1_256' title='bbox 176 3695 225 3759; x_wconf 79' lang='lat' dir='ltr'>Gt.</span> <span class='ocrx_word' id='word_1_257' title='bbox 249 3695 289 3758; x_wconf 87' lang='lat' dir='ltr'>Et</span> <span class='ocrx_word' id='word_1_258' title='bbox 303 3696 437 3759; x_wconf 87' lang='lat' dir='ltr'>sciebas?</span> 
     </span>
    </p>
   </div>
   <div class='ocr_carea' id='block_1_4' title="bbox 0 0 1240 4038">
    <p class='ocr_par' dir='ltr' id='par_1_17' title="bbox 0 0 1240 4038">
     <span class='ocr_line' id='line_1_42' title="bbox 0 0 1240 4038; baseline 0 0"><span class='ocrx_word' id='word_1_259' title='bbox 0 0 1240 4038; x_wconf 95' lang='lat' dir='ltr'> </span> 
     </span>
    </p>
   </div>
  </div>
 </body>
</html>
