2472 4038
591 263 661 334 117
718 263 727 270 “

173 439 315 505 Joonoea.
339 441 404 504 Cur
418 439 509 525 lepor,
524 455 556 504 ut
570 442 661 518 aiunt,
681 443 898 526 procacibus?

175 525 226 608 Sy.
252 525 336 598 Quid
346 527 403 586 hoc
418 526 558 608 proverbii
570 527 634 588 est?

173 607 222 671 Jo.
247 609 329 682 Quia
343 609 397 670 nisi
412 608 536 671 adsuero
550 609 578 670 in
601 623 747 712 tempore,
762 625 829 673 ante
851 613 1003 675 recitatum
1024 625 1104 675 cata-

130 692 468 861 logilSisIi’Iidcatdilirriisdeirre
482 694 649 860 {deppae}
662 777 732 838 nihil
760 791 806 839 est
834 777 963 860 periculi.
1008 778 1104 841 Modo

23 893 27 904 ·
129 861 273 944 preterita
287 873 332 922 est
347 861 456 945 quinta.
500 861 614 944 Inspice
630 861 829 944 horologium
851 883 955 924 manus
973 864 1103 925 nondum

129 945 224 1028 attigit
239 959 381 1029 punctum
396 943 475 1026 quod
490 945 592 1006 horam
607 945 643 1008 ab
657 945 730 1006 hora
744 946 832 1028 aequis
846 947 944 1028 spatiis
966 947 1080 1009 dirimit.

172 1028 222 1092 Jo.
246 1029 290 1091 At
303 1049 360 1112 ego
375 1028 424 1090 vix
438 1029 535 1092 habeo
549 1028 638 1092 fidem
652 1029 820 1113 horologiis3
838 1029 1018 1120 mentiuntur
1030 1051 1104 1093 non·

129 1135 323 1196 nunquam„

174 1197 228 1280 Sy.
252 1198 294 1258 At
308 1195 379 1258 mihi
392 1194 461 1272 fide,
477 1196 525 1278 qui
539 1217 688 1282 campana
702 1216 807 1260 vocem
820 1196 926 1260 audivi.

173 1281 225 1344 Jo.
249 1280 331 1354 Quid
353 1279 547 1363 loquebatur?

176 1365 229 1449 Sy.
253 1361 365 1427 Horam
380 1385 445 1426 esse
461 1365 600 1448 quintam.

173 1448 223 1512 Jo.
248 1448 310 1511 Sed
332 1463 377 1510 est
399 1461 430 1510 et
449 1448 527 1512 aliud
549 1448 628 1511 unde
650 1447 742 1531 magis
766 1449 855 1512 etiam
875 1450 1015 1524 timeam;
1036 1447 1103 1510 red-

131 1533 230 1597 denda
244 1546 288 1630 ost
293 1533 472 1618 memoriter
486 1533 624 1596 hesterna
637 1531 725 1596 lectio
739 1530 807 1594 satis
822 1533 944 1615 prolixa.
990 1531 1104 1596 Vereor

131 1631 165 1680 ut
231 1639 295 1680 snn.
329 1647 333 1655 ’

174 1639 230 1786 diii
251 1701 422 1778 Commune
437 1699 602 1786 perieulum
616 1719 724 1764 narras.
769 1698 849 1762 Nam
864 1699 969 1785 etipse
985 1699 1035 1762 vix
1057 1719 1103 1764 sa-

129 1786 168 1852 tis
181 1800 276 1850 teneo.

172 1869 223 1934 Jo.
246 1869 289 1934 Et
312 1869 388 1932 ndsti
413 1869 596 1953 praeceptoris
620 1868 769 1932 sevitiam.
822 1865 927 1932 Omnis
955 1867 994 1932 illi
1022 1889 1103 1932 noxa

102 1953 262 2037 -capital'rs
286 1967 347 2030 est3
383 1973 441 2016 nec
472 1952 565 2036 magis
589 1953 682 2038 parcit
703 1952 808 2016 nostris
830 1951 945 2016 natibus
966 1953 1055 2038 quam
1076 1951 1103 2016 si

132 2037 245 2110 corium
261 2050 339 2098 esset
351 2035 502 2114 bubulum.

147 2173 148 2176 ,
176 2119 228 2205 Sy.
255 2119 367 2182 Verum
383 2119 408 2182 is
421 2141 479 2182 non
495 2120 586 2182 aderit
599 2120 629 2182 in
643 2119 723 2182 ludo.

64 2219 66 2223 ’
173 2203 222 2268 Jo.
247 2202 350 2277 Quem
365 2199 451 2288 igitur
464 2204 605 2268 vicarium
620 2203 789 2267 constituit?

29 2287 36 2312 ’
173 2287 224 2373 Sy.
249 2286 431 2352 Cornelium.
690 2355 700 2362 ,

170 2371 219 2436 Jo.
244 2372 382 2434 Strabum
396 2373 499 2434 illum?
542 2369 597 2435 Vae
611 2372 714 2436 nostris
728 2371 859 2436 natibus!
882 2370 912 2434 Is
925 2370 973 2434 vel
988 2369 1100 2434 Orbilio

127 2457 180 2541 pla
199 2457 276 2517 osior
289 2469 343 2517 est.
441 2499 443 2502 -
1074 2461 1079 2472 '

175 2477 228 2623 gy.
253 2537 369 2599 Vemm
391 2537 475 2614 dicis,
490 2550 521 2600 ot
542 2537 610 2601 ideo
625 2551 689 2618 ‘non
713 2539 777 2603 rard
798 2561 864 2604 sum
886 2537 961 2602 illius
982 2539 1099 2603 brachio

128 2636 266 2708 precatus
281 2620 448 2704 paralysim.

172 2707 221 2772 Jo.
245 2706 315 2770 Non
338 2719 382 2768 est
403 2705 486 2788 pium
509 2705 661 2788 imprecari
683 2708 872 2791 preceptori:
896 2707 978 2771 nobis
1002 2710 1099 2794 potius

129 2791 295 2855 cavendum
309 2811 347 2853 ne
361 2789 525 2852 incidamus
538 2791 568 2854 in
583 2790 658 2852 illius
672 2791 788 2873 tyranni
801 2813 913 2854 manus

173 2875 224 2960 Sy.
248 2875 422 2937 Reddamus
437 2875 579 2937 internos
594 2875 731 2952 vicissim,
743 2874 834 2937 altero
848 2877 997 2952 recitante,
1008 2875 1099 2938 altero

8 2953 10 2964 ’
116 2960 264 3043 (codicem
277 2959 457 3040 inspiciente.

172 3042 222 3113 Jo.
245 3039 375 3103 Pulchre
389 3062 500 3104 mones.

175 3125 226 3210 Sy.
251 3123 314 3188 Fac
342 3125 474 3206 prasenti
497 3124 536 3186 sis
559 3120 677 3200 animo;
708 3145 777 3187 narn
802 3141 897 3190 metus
922 3123 1012 3187 officit
1035 3143 1100 3184 me-

130 3233 237 3277 morra.

171 3296 220 3360 Jo.
244 3291 347 3357 Facile
359 3291 535 3374 deponerem
547 3311 687 3373 pavorem
698 3293 721 3353 si
732 3313 791 3354 non
803 3291 918 3352 adesset
926 3287 1096 3370 periculum.

130 3381 171 3444 At
185 3381 214 3444 in
229 3391 310 3442 tanto
324 3375 486 3438 discrimine
502 3375 565 3458 quis
579 3376 669 3456 possit
683 3395 748 3436 esse
764 3394 883 3436 secums
895 3371 1012 3436 animo?

76 3543 81 3556 ἱ
131 3549 158 3614 d·
173 3464 240 3567 Sy.A
249 3461 377 3537 Fateor3
398 3471 526 3528 attamen
540 3477 599 3522 non
613 3459 707 3542 agitur
721 3457 759 3520 de
774 3455 882 3538 capite,
897 3455 949 3520 sed
964 3457 1002 3521 de
1017 3474 1097 3544 parte

152 3569 252 3614 uersa.
271 3600 295 3612 ,,
