2492 4038
561 235 609 304 38

512 399 515 408 ’
557 418 609 475 43.

153 511 244 577 Tunc
269 514 376 578 fratres
397 515 524 598 Josephi
545 515 700 580 tinxerunt
721 525 825 597 togam
847 513 913 597 ejus
934 513 966 578 in
988 530 1058 578 san·

111 595 205 679 guine
220 598 312 675 haedi,
327 619 418 680 quem
433 600 623 675 occiderant,
647 611 679 662 et
700 598 848 660 miserunt
857 620 926 660 eam
941 600 981 661 ad
1003 620 1057 680 pa·

79 738 84 750 ,
111 689 188 742 trem
203 702 275 744 cum
288 682 335 744 his
356 683 475 746 verbis:
496 682 666 744 invenimus
687 683 767 744 hanc
782 691 905 765 togam3
926 683 995 745 vide
1017 704 1056 744 an

111 772 185 845 toga
199 765 253 826 filii
269 765 313 828 tui
328 766 377 828 sit.
898 834 906 846 J
1071 789 1072 792 ’

153 847 259 925 Quam
288 870 383 929 quum
415 847 599 932 agnovisset,
631 859 719 930 pater
748 848 952 911 exclamavit:
984 860 1057 932 toga

111 928 166 990 filii
184 932 245 994 mei
254 943 327 997 cst:
349 932 414 996 fera
437 932 569 1014 pessima
588 932 745 994 devoravit
771 931 949 1015 Josephum.
994 933 1057 996 De·

110 1012 289 1089 inde‘scidit
301 1027 427 1092 vestem,
442 1027 475 1078 et
488 1015 587 1077 induit
600 1015 755 1078 cilicium.¹

154 1098 271 1162 Omnes
286 1098 374 1162 liberi
388 1099 455 1182 ejus
479 1110 689 1162 convenerunt
710 1110 747 1172 ut
766 1098 898 1162 lenirent
918 1097 1055 1162 dolorem

110 1181 240 1264 patris3=¹
254 1183 309 1245 sed
336 1183 473 1244 lacobus
497 1181 597 1244 noluit
620 1183 764 1264 accipere
789 1183 1056 1260 consolationem

110 1265 265 1345 dixitque:
292 1287 354 1349 ego
380 1267 569 1329 descendam
589 1287 722 1330 moerens
750 1285 823 1328 cum
845 1265 909 1328 filio
929 1287 1000 1328 meo
1024 1266 1056 1329 in

111 1348 297 1430 sepulcrum.

152 1533 299 1617 Putiphar
314 1534 478 1618 AEgyptius
492 1533 568 1596 emit
580 1533 750 1615 Josephum
764 1555 782 1596 a
795 1533 1027 1597 mercatoribus.

153 1618 238 1681 Deus
263 1629 366 1682 autem
389 1618 463 1684 favit
486 1617 646 1699 Putiphari
671 1617 765 1680 causis
785 1617 933 1700 Josephi:
955 1617 1057 1680 omnia

111 1702 141 1766 ei
156 1704 298 1784 prospere
315 1702 536 1765 succedebant.

18 1853 21 1860 ,
74 1845 81 1856 ,
154 1787 366 1856 Quamobrem
380 1785 532 1866 Josephus
554 1785 689 1868 benigne
709 1784 834 1848 habitus
848 1795 896 1848 est
910 1786 951 1848 ab
972 1784 1057 1862 hero,
1095 1845 1097 1848 .

112 1870 164 1954 qui
180 1870 319 1954 praefecit
332 1891 404 1932 eum
418 1869 523 1931 domui
538 1890 612 1932 suae.

135 1955 305 2036 ..losephus
329 1975 404 2036 ergo
433 1953 665 2016 administrabat
686 1975 751 2016 rem
772 1951 952 2016 familiarem
974 1952 1057 2015 Puti-

111 2038 234 2122 pharis:
263 2037 366 2100 omnia
394 2036 510 2100 fiebant
538 2038 577 2101 ad
601 2047 711 2100 nutum
731 2036 808 2121 ejus,
828 2058 888 2102 nec
910 2037 1058 2119 Putiphar

111 2123 202 2188 ullius
216 2122 330 2210 negotii
346 2141 452 2186 curam
466 2122 606 2204 gerebat.

453 2251 461 2258 ·
555 2229 607 2286 45.

153 2324 306 2408 Josephus
330 2333 396 2386 erat
418 2320 530 2405 insigni
552 2332 585 2384 et
606 2321 736 2404 pulchre
755 2321 856 2384 facie:
876 2339 952 2384 uxor
972 2321 1058 2385 Puti-

110 2409 213 2491 pharis
227 2421 298 2472 eum
313 2406 493 2490 pelliciebat
507 2405 547 2468 erl
562 2405 721 2488 flagitimn.

122 2541 130 2550 .
152 2492 304 2574 Josephus
319 2502 422 2554 autem
436 2489 564 2552 nolebat
578 2489 715 2551 assentiri
730 2489 878 2571 improbae
892 2487 1023 2550 mulieri.
1089 2537 1097 2554 -.

152 2576 299 2644 Quadam
320 2575 371 2636 die
392 2572 502 2635 mulier
524 2571 728 2654 apprehendit
748 2593 834 2634 oram
855 2571 941 2653 pallii
970 2571 1035 2654 ejus
1046 2595 1056 2650 3

109 2675 143 2724 at
156 2656 308 2738 Josephus
322 2656 445 2735 reliquit
458 2656 586 2738 pallium
600 2655 633 2716 in
646 2656 788 2717 manibus
802 2655 877 2737 ejus,
892 2665 924 2718 et
939 2654 1026 2738 fugit.

152 2740 266 2806 Mulier
288 2739 364 2800 irata
385 2738 562 2800 inclamavit
583 2758 695 2813 servos,
720 2748 752 2801 et
772 2737 941 2819 Josephum
963 2758 1057 2800 accu-

109 2826 187 2890 savit
200 2824 283 2906 apud
297 2821 405 2894 virum,
423 2820 477 2901 qui
498 2821 625 2884 nimium
649 2820 792 2884 credulus
814 2821 950 2905 conjecit
970 2821 1057 2884 Jose-

109 2910 204 2993 phum
218 2907 251 2970 in
265 2925 432 2968 carcerem.
552 2991 593 3052 46

152 3091 248 3156 Erant
261 3091 293 3154 in
308 3089 419 3153 eodem
441 3110 567 3156 carcere
588 3091 651 3154 duo
664 3089 793 3153 ministri
817 3091 899 3174 regis
923 3091 1056 3154 Pharao

42 3241 44 3246 ,
110 3175 157 3238 nis
169 3199 178 3254 3
199 3176 276 3258 alter
290 3183 422 3257 praeerat
435 3173 601 3255 pincernis
616 3173 694 3236 alter
707 3174 882 3255 pistoribus

152 3259 281 3340 Utrique
295 3257 421 3322 obvenit
434 3257 577 3320 divinitus
589 3257 741 3320 somnium
755 3257 864 3319 eidem
878 3269 983 3320 nocte.
1101 3319 1105 3326 ,

153 3341 204 3404 Ad
218 3363 295 3423 quos
309 3362 403 3422 quum
417 3340 550 3402 venisset
572 3339 725 3422 Josephus
744 3341 845 3416 mane,
865 3351 900 3406 et
920 3337 1057 3404 mumad-

111 3424 250 3490 vertisset
263 3446 316 3488 eos
331 3425 476 3487 tristiores
491 3423 591 3500 solito,
606 3423 805 3508 interrogavit
818 3445 962 3506 quaenam
975 3433 1057 3488 esset

111 3508 263 3572 moestitiae
279 3508 395 3571 causa?
1084 3517 1087 3525 '
