2492 4038
591 204 640 274 56

157 422 160 431 ι
188 383 247 447 Die
261 379 403 467 quadam,
424 405 519 466 quum
540 385 702 466 publicum
722 384 895 450 convivium
919 385 1094 452 celebrare-

146 478 205 543 tur,
220 470 400 532 Sarnsonem
415 469 528 530 adduci
540 469 661 551 jubent.

187 553 315 630 Domus,
330 555 361 615 in
376 554 435 634 qud
450 553 549 616 omnis
564 553 696 634 populus
720 563 751 616 et
773 553 928 634 principes
942 554 1094 618 Philistae-

145 657 232 700 orum
246 638 461 720 epulabantur,
476 637 607 699 subnixa
620 648 686 700 erat
700 638 820 700 duabus
834 638 986 702 columnis
1005 640 1092 702 miras

91 729 93 738 '
145 723 378 804 magnitudinis.

9 787 11 792 Ι
81 841 83 846 -
187 807 351 869 Adductus
367 806 496 870 Samson
511 805 589 868 inter
604 805 764 868 columnas
778 805 930 868 statuitur.

187 891 269 954 Turn
298 891 360 967 ille,
383 891 546 952 occasione
568 901 668 966 utens,
692 889 852 952 columnas
873 891 1038 968 concussit,
1060 903 1093 956 et

145 977 236 1038 turba
250 975 347 1037 omnis
362 975 473 1036 obruta
487 984 534 1036 est
548 974 637 1036 ruina
657 974 774 1049 domds,
789 973 939 1056 simulque
962 974 1092 1039 Samson

145 1059 211 1141 ipse
226 1080 298 1121 cum
312 1057 451 1121 hostibus
465 1079 528 1120 non
542 1058 657 1120 inultus
672 1058 831 1120 occubuit.

587 1167 656 1224 103.
691 1183 693 1187 ’

187 1261 296 1330 Quum
318 1261 391 1324 Heli
413 1271 495 1324 esset
515 1282 650 1323 summus
664 1262 817 1338 sacerdos,
831 1271 921 1324 natus
939 1272 986 1324 est
1006 1263 1094 1326 Sam-

144 1345 216 1407 uel:
247 1345 330 1408 huno
362 1346 490 1408 adduxit
514 1357 612 1408 mater
633 1347 673 1407 ad
695 1347 899 1421 sacerdotem,
920 1356 954 1409 et
980 1348 1094 1410 obtulit

29 1505 40 1510 α
144 1429 278 1500 Domino
292 1440 327 1492 ut
340 1430 369 1493 ei
384 1430 415 1491 in
427 1429 586 1492 sacrificiis
601 1429 751 1491 faciendis
763 1429 958 1492 ministraret.

187 1513 268 1577 Puer
283 1514 462 1596 crescebat,
490 1513 618 1596 egregia
645 1514 793 1594 praeditus
824 1513 948 1604 indole,¹
965 1523 1092 1594 eratque
1173 1582 1176 1586 ,

143 1596 213 1660 Deo
228 1609 260 1660 et
273 1598 449 1664 hominibus
463 1618 573 1660 carus:
591 1597 643 1659 cui
657 1607 755 1660 mater
768 1619 825 1660 sua
838 1598 930 1660 certis
948 1598 1092 1680 tempori-

143 1681 202 1744 bus
217 1681 367 1745 affarebat
403 1703 505 1744 arvam
519 1682 666 1757 tunicam,
681 1701 774 1762 quam
789 1682 857 1763 ipsa
870 1680 1059 1744 confecerat.

184 1764 259 1827 Heli
281 1786 354 1828 vero
377 1703 514 1829 ilabebat
536 1765 616 1827 lilios
640 1766 767 1847 perditis
791 1765 938 1842 moribus,
957 1766 1035 1830 adab
1057 1777 1092 1829 ut

143 1848 292 1931 populum
307 1869 326 1911 a
339 1849 472 1912 colendo
490 1847 560 1912 Deo
581 1850 782 1926 abducerent,
795 1870 856 1914 nec
871 1850 945 1913 satis
958 1849 1092 1932 graviter

143 1953 196 1996 eos
211 1953 346 2014 unquam
360 1933 567 2014 reprehendit.

88 2045 94 2056 ·
185 2017 400 2088 Quamobrem
414 2016 500 2080 Deus
514 2027 580 2082 crat
593 2027 626 2080 et
640 2016 745 2080 liberis
759 2026 792 2080 et
806 2016 885 2100 patri
899 2017 1003 2080 iratus.

586 2126 655 2182 104.

184 2219 331 2291 Quadam
345 2229 455 2299 nocte,
464 2210 559 2304 quum
569 2221 690 2306 jaceret
703 2223 777 2288 Heli
799 2223 831 2286 in
853 2222 981 2300 lectulo,
995 2223 1092 2287 Dom·
1203 2265 1205 2274 ,

141 2307 210 2370 inus
231 2306 353 2368 vocavit
375 2306 562 2383 Samuelem,
584 2307 648 2387 qui,
672 2320 756 2370 ratus
779 2329 812 2370 se
828 2309 1022 2370 asacerdote
1044 2329 1092 2370 ar·

117 2433 119 2435 -
141 2390 232 2466 cessi,
247 2390 393 2466 cucurrit,
407 2390 565 2470 dixitque:
586 2412 627 2453 en
649 2391 775 2469 adsum3
796 2391 913 2454 vocasti
931 2391 1015 2454 enim
1028 2411 1089 2456 me.

184 2475 227 2537 At
240 2473 336 2536 Heli:
357 2495 420 2536 non
433 2485 464 2536 ta
478 2475 597 2550 vocavi,
612 2475 721 2556 inquit,
737 2475 780 2537 fili
802 2475 864 2553 mi;
885 2485 1037 2539 revertere
1059 2476 1092 2540 in

142 2557 292 2620 lectulum
307 2568 405 2620 tuum.
449 2557 547 2639 quue
562 2558 673 2621 iterum
687 2570 720 2622 et
733 2559 823 2622 tertio
838 2559 955 2622 factum
969 2571 1026 2623 est.

183 2642 326 2703 Tandem
348 2643 547 2721 praemonitus
572 2663 592 2704 a
616 2643 777 2705 sacerdote
793 2643 919 2706 Samuel
934 2644 1092 2726 respondit

141 2724 210 2788 Deo
237 2724 383 2786 vocanti:
418 2724 555 2806 loquere,
584 2726 718 2802 domine,
753 2726 840 2789 audit
875 2726 972 2789 enim'
987 2748 1091 2790 servus

141 2819 224 2871 tuus.

183 2892 266 2954 Tum
279 2889 365 2953 Deus
388 2891 546 2955 Samueli:
568 2914 638 2976 ego,
654 2893 706 2969 ait,
728 2893 862 2958 afficiam
876 2896 1002 2958 domum
1016 2894 1092 2958 Heli

141 2975 179 3038 iis
200 2974 299 3051 malie,
314 2995 384 3057 quae
399 2995 491 3038 nemo
506 2977 611 3042 audire
627 2979 733 3058 possit,
754 2979 828 3059 quin
843 2979 872 3042 ei
887 2979 987 3041 ambae
1003 2999 1092 3042 aures

141 3060 285 3136 tinniant,
314 3070 477 3140 propterea
501 3061 582 3140 qubd
614 3063 647 3124 in
668 3061 781 3124 liberos
811 3083 882 3125 suos
903 3062 972 3145 plirs
1001 3083 1092 3144 aequo

141 3143 306 3226 indulgens
336 3141 436 3220 fiterit,
464 3142 648 3227 illorumque
680 3146 755 3210 vitia
785 3146 912 3210 nimiirm
939 3145 1116 3230 patienter

141 3227 255 3291 tulerit.

581 3319 652 3376 105.
723 3371 726 3378 .

184 3409 308 3475 Arctior
334 3411 449 3478 deiude
476 3433 601 3476 somnus
634 3391 812 3480 Samuelem
832 3413 1013 3500 complexus
1033 3421 1091 3490 ost,

142 3493 195 3575 qui
209 3494 351 3561 dormivit
364 3517 462 3580 usque
474 3497 577 3568 moab.

1232 3345 1236 3386 l
