2492 4038
174 561 175 566 Ν
237 569 526 654 EXEMPLA
568 567 1009 650 MISCELLANEA.

572 837 670 848 ——n—-a

192 989 357 1052 Arusrnus
372 988 460 1051 olivae
476 987 616 1051 inventor
629 971 721 1052 firi'sse
735 989 857 1052 dicitur.

190 1074 307 1137 Verum
320 1073 416 1135 decus
430 1073 463 1134 in
476 1072 587 1135 virtute
603 1074 735 1154 positum
750 1085 807 1136 est.

190 1157 294 1221 Vitem
308 1155 448 1219 fertilitas
462 1157 668 1231 commendat,
684 1178 773 1238 sapor
787 1157 900 1218 vinmn.

190 1240 288 1304 Turdi
302 1251 334 1303 et
348 1237 498 1317 indociles
513 1249 584 1302 sunt
598 1240 710 1322 saepius
724 1239 919 1304 admonendi.

111 1392 115 1398 ,
191 1315 298 1386 Virtus
318 1323 395 1384 nihil
408 1323 601 1404 inexpertum
615 1323 769 1404 relinquit.

192 1407 285 1470 Falsa
299 1405 356 1468 sub
370 1406 474 1487 specie
488 1407 551 1467 veri
566 1407 673 1468 latent.

191 1489 317 1552 Helena
331 1509 428 1551 causo
442 1487 499 1550 fuit
511 1489 587 1550 belli
600 1489 738 1571 Trojani.

190 1573 342 1637 Villarum
356 1572 493 1636 culmina
508 1571 646 1634 sumant.

190 1743 347 1825 Accipere
362 1741 454 1822 quim
469 1739 573 1804 lacere
583 1750 709 1822 praestot
722 1741 873 1826 injuriam.

190 1826 366 1908 Elephanto
378 1824 651 1902 belluarum-nulla
664 1836 712 1888 est
726 1827 912 1907 prudentior.

60 1981 68 1990 ι
170 1975 171 1978 ,
189 1911 293 1974 Tenet
306 1910 435 1991 quisque
451 1907 555 1972 locum
569 1928 661 1990 quem
674 1910 795 1973 meruit.

189 1993 339 2058 Romanis
352 1992 441 2056 multi
455 1991 579 2054 fuerunt
592 1993 769 2056 Alexandro
784 2015 882 2076 pares

190 2077 311 2140 Vocare
326 2075 420 2158 culplt
431 2075 598 2138 maximum
612 2088 660 2140 est
673 2077 827 2140 solatium.

191 2161 276 2224 Vitia
288 2161 378 2238 nobis
392 2160 450 2222 sub
464 2158 608 2222 virtutum
622 2162 747 2225 nomine
762 2161 924 2243 obrepunt.

191 2244 313 2308 Fmstrd
326 2245 456 2320 laborat,
470 2242 523 2325 qui
534 2245 677 2308 omnibus
692 2245 815 2327 placere
830 2245 944 2308 studet.

81 2411 83 2418 Α
191 2327 302 2392 Parum
312 2338 379 2392 tuta
392 2328 536 2410 majestas
550 2327 617 2390 sine
631 2329 745 2392 viribus
760 2339 817 2392 est.

110 2549 113 2554 .
193 2495 286 2577 Saepe
300 2495 359 2557 sub
374 2493 470 2575 pollio
484 2493 608 2556 sordido
622 2495 775 2576 sapientie
788 2506 845 2557 est.
887 2525 893 2544 x

190 2579 276 2642 luter
289 2577 448 2641 dominum
462 2585 495 2639 et
509 2596 628 2638 servmn
642 2577 729 2640 nulla
742 2577 877 2642 amicitia
889 2587 946 2644 est.

190 2663 308 2746 Magna
321 2660 407 2724 navis
421 2680 565 2744 magnam
579 2659 787 2725 fortitudinem
801 2662 905 2726 habet.

190 2746 378 2828 Eloquentia
391 2745 529 2807 omnium
543 2745 653 2808 artium
667 2757 716 2809 est
728 2747 863 2810 domina.
995 2769 999 2774 ·

190 2829 291 2901 Prima
300 2829 387 2892 nevis
401 2827 459 2892 fuit
471 2828 559 2892 alnus
572 2841 692 2892 cavata.
953 2849 956 2856 ·

141 2989 150 3004 ·
190 2913 351 2995 Optimum
365 2923 414 2976 est
427 2913 491 2994 peti
506 2911 589 2993 quod
603 2933 666 2976 non
681 2914 778 2996 possis
792 2915 967 2979 emendare.

191 2997 275 3076 Quce
289 2997 380 3062 nimis
394 3006 545 3078 apparent
557 2997 636 3058 retia
650 2998 726 3060 vitat
739 2999 813 3062 evis.

58 3073 60 3080 ’
190 3080 288 3144 Citius
301 3080 385 3144 venit
398 3079 569 3163 periculum
584 3081 667 3161 qu'od
681 3077 897 3147 contemnitur.

157 3261 160 3268 ’
191 3249 310 3313 Omnes
325 3247 459 3329 antiquae
474 3257 585 3344 gentes
599 3247 723 3331 regibus
734 3261 914 3332 paruerunt.

42 3319 45 3324 ⁵
124 3363 128 3368 ·
192 3333 306 3397 Nullus
318 3331 405 3394 locus
418 3332 508 3395 nobis
521 3331 642 3396 dulcior
656 3353 723 3397 esse
737 3335 833 3398 debet
847 3331 954 3415 patrii.
978 3320 984 3330 ’

192 3418 286 3481 Rosae
301 3415 422 3500 fulgent
435 3415 514 3480 inter
528 3415 594 3479 lilia
606 3416 721 3480 mixtae.

194 3499 365 3584 Scopulum
379 3499 483 3565 navita
494 3501 581 3564 vitat.
627 3503 705 3564 Ossa
719 3501 848 3585 tegebat
861 3498 979 3565 humus.
1093 3503 1097 3512 ‘
