2472 4038
562 235 610 306 86

478 377 700 469 excusauit.

154 501 226 567 Plus
240 501 380 566 homines
394 502 504 581 oculis,
518 505 610 585 quam
624 503 748 566 auribus
762 502 912 566 credunt:
933 502 1063 588 longum

113 587 172 652 iter
185 597 234 652 est
247 608 303 670 per
316 597 476 670 praecepta
487 611 496 666 3
517 587 628 650 efficax
642 597 674 650 et
687 586 781 650 breve
795 607 851 668 per
864 588 1016 670 exempla.

155 671 277 740 Quales
296 681 367 734 sunt
381 671 402 732 ii
417 671 469 753 qui
488 681 632 753 praesunt,
654 670 732 734 tales
746 681 779 734 et
800 670 846 733 illi
867 670 968 734 solent
981 693 1060 750 esse,

112 754 166 837 qui
180 775 287 818 eorum
301 754 430 837 imperio
444 765 516 818 sunt
529 755 672 838 subjecti.

156 837 229 901 Non
244 838 310 902 fieri
324 848 436 921 potest,
457 847 491 900 ut
515 839 568 919 qui
592 838 662 901 talis
686 837 752 920 ipse
773 858 837 901 non
858 847 915 914 est,
938 838 1061 919 qualem

112 943 181 986 esse
196 932 327 1005 oportet,
341 922 367 984 is
388 921 465 990 alios
489 922 529 984 ad
551 922 716 1006 praeclaras
737 932 770 986 et
791 921 963 985 laudabiles
986 922 1063 984 acti-

112 1027 189 1070 ones
203 1007 356 1069 incitaret.

156 1090 287 1236 Sapiens
308 1109 347 1154 ex
371 1087 502 1154 aliorum
523 1089 586 1154 vitta
609 1098 642 1154 et
662 1087 806 1173 exemplo
826 1087 918 1154 sumit
938 1088 1061 1152 vivendi

112 1193 199 1237 cousr
213 1194 286 1237 mm.

155 1287 277 1370 Aliquis
304 1289 473 1353 virbonus
496 1288 586 1352 nobis
613 1286 776 1371 eligendus
803 1297 860 1362 est,
882 1306 920 1349 ac
941 1305 1063 1370 semper
1121 1327 1127 1336 -
1234 1289 1235 1296 ’

111 1381 185 1468 ante
209 1372 318 1438 oculos
341 1373 512 1451 habendus,
527 1383 563 1436 ut
585 1371 631 1435 sic
657 1381 804 1455 tanquam
825 1370 880 1434 illo
900 1381 1062 1454 spectante

111 1475 274 1636 Vllllmallla
295 1511 372 1625 para
385 1548 586 1625 peccatorum
607 1539 733 1617 tollitur,
747 1539 772 1602 si
787 1536 961 1622 peccaturis
975 1539 1062 1602 testis

112 1623 338 1773 adllwlrllicem
368 1707 465 1785 illum,
479 1707 540 1789 ‘qui
573 1727 637 1770 non
659 1706 825 1789 adspectus
847 1661 975 1782 tantlim,
1006 1707 1063 1769 sed

111 1789 207 1854 etiam
221 1792 376 1875 cogitatus
390 1791 554 1855 emendat!
586 1791 617 1854 Ο
639 1789 763 1854 felicem
785 1791 837 1872 qui
860 1791 905 1854 sic
927 1787 1062 1870 aliquem

111 1875 209 1939 vereri
237 1885 351 1957 potest,
371 1885 407 1939 ut
428 1875 468 1938 ad
489 1874 668 1938 memoriam
690 1895 813 1956 quoque
835 1875 901 1960 ejus
924 1897 958 1938 se
980 1895 1063 1938 com-

111 1967 208 2040 ponat
221 1967 255 2021 et
267 1958 409 2022 ordinet!
440 1957 507 2030 Qui
527 1958 573 2023 sic
595 1957 731 2042 aliquem
744 1959 841 2024 vereri
863 1969 976 2043 potest,
997 1958 1061 2023 cito

111 2041 171 2104 erit
184 2043 346 2106 verendus.

154 2125 231 2190 Pars
244 2146 359 2212 magna
372 2125 520 2192 bonitatis
533 2135 591 2205 est,
604 2125 768 2191 velle'fieri
781 2127 910 2192 bonum.

424 2255 551 2310 NOSCE
569 2255 747 2310 TEIPSUM.

154 2339 192 2403 ln
206 2339 349 2404 omnibus
362 2339 434 2404 vitae
456 2340 604 2424 partibus,
618 2340 699 2404 hanc
713 2342 899 2405 sententiam
912 2350 1062 2422 tanquam

111 2424 272 2496 oraculum
286 2423 424 2502 consule,
437 2423 535 2488 Nosce
557 2423 684 2508 teipsum.
738 2424 805 2487 Prae
827 2424 944 2489 foribus
965 2425 1062 2489 etiam

112 2507 221 2588 templi
235 2508 382 2591 Delphici
396 2508 497 2574 aureis
511 2507 607 2572 literis
621 2507 769 2590 scriptum
783 2507 850 2572 fuit.

155 2589 269 2653 Melior
282 2613 325 2668 es,
341 2593 366 2655 si
381 2592 513 2674 teipsum
527 2610 710 2674 cognoscas,
733 2591 872 2672 quamsi,
887 2601 919 2656 te
932 2591 1061 2676 neglec-

111 2680 155 2747 to,
169 2691 277 2734 cursus
291 2674 434 2750 sidermn,
448 2675 527 2737 vires
548 2674 722 2750 herbarum,
736 2675 910 2739 coelestium
922 2677 1060 2740 omnium

111 2763 146 2817 et
165 2756 353 2819 terrestrium
377 2757 539 2819 scientiam
559 2756 701 2820 haberes.
744 2757 838 2821 Multi
859 2760 943 2824 enim
963 2760 1061 2824 multa

111 2837 224 2914 sciunt,
238 2849 271 2902 et
284 2839 402 2921 seipsos
415 2839 568 2903 nesciunt.

154 2920 278 2985 Fmstra
290 2922 371 3004 sapit
385 2922 437 3004 qui
452 2922 589 2987 nonsibi
603 2924 704 3005 sapit:
725 2923 855 2989 aliorum
869 2925 1002 2991 scientia
1012 2937 1061 2992 cst

112 3003 224 3084 inanis,
238 3005 313 3070 dum
326 3005 465 3088 nosipsos
479 3005 666 3090 ignoramus.

154 3171 205 3236 Ne
233 3173 365 3256 teipsum
393 3171 612 3238 existimaveris
636 3175 766 3240 aliorum
793 3175 982 3254 laudatione,
1004 3177 1061 3242 sed

113 3253 165 3314 tul
178 3255 274 3337 ipsius
288 3255 487 3321 conscientiis.

155 3335 227 3402 Suis
241 3341 370 3423 quisque
384 3339 465 3404 vitiis
484 3337 649 3419 blanditur,
671 3363 770 3426 eaque
788 3343 914 3408 mutatis
928 3343 1062 3409 nomini·

112 3414 169 3479 bus
183 3433 340 3490 extenuat.
891 3499 893 3504 ¹

155 3501 221 3572 Qui
236 3527 269 3570 se
283 3508 353 3571 vere
364 3517 487 3584 norunt,
501 3526 623 3592 semper
636 3509 695 3575 sibi
709 3510 863 3581 diffidunt.
