2492 4038
586 221 634 292 52

135 484 153 546 f
178 401 290 500 Stebct
304 402 437 485 populus
457 422 521 484 prae
536 411 622 465 metu
636 400 773 484 trepidus
787 399 828 462 ud
842 398 963 462 radices
977 398 1090 462 montis

149 500 381 634 unliaeirisiutem
396 572 426 634 in
452 581 557 636 monte
582 569 767 650 loquebatur
781 588 799 630 e
815 565 918 660 rnediit
941 567 1025 630 nube
1044 565 1098 628 inm

134 664 182 718 ter
196 654 319 738 fulgura
333 666 366 718 et
379 655 524 718 tonitrua.

589 782 641 839 90.

176 878 257 942 Haec
273 900 364 961 porrc
384 891 455 942 sunt
473 881 567 942 verba
591 900 661 960 quae
677 878 805 960 protulit
819 879 925 942 Deus:
947 898 1009 960 ego
1023 899 1090 942 sum

133 963 294 1038 Dominus,
309 963 362 1044 qui
377 963 469 1025 eduxi
484 985 538 1026 vos
552 985 570 1027 e
586 963 732 1026 servitute
747 961 975 1044 AEgypticrum.

175 1047 248 1109 Non
262 1057 353 1109 erunt
374 1047 462 1108 vobis
483 1047 526 1110 dii
550 1047 663 1110 alieni:
684 1047 754 1130 Ego
775 1066 855 1108 unus
876 1045 962 1108 Deus
980 1055 1013 1108 et
1026 1067 1090 1111 non

66 1135 71 1142 '
130 1137 181 1194 'cst
195 1129 273 1192 alius
288 1141 401 1212 praeter
414 1150 476 1193 me.
713 1179 715 1186 s

175 1213 249 1318 Ncn
276 1213 463 1295 usurpabitis
491 1233 606 1278 nomen
631 1212 691 1276 Dei
713 1213 806 1277 vestri
828 1214 943 1276 temere
968 1224 1001 1276 et
1022 1214 1088 1276 sine

132 1318 239 1360 csuss.

175 1379 316 1444 sabbato
330 1379 451 1443 nullum
465 1401 543 1463 opus
553 1381 694 1459 facietis3
709 1379 804 1463 colite
820 1389 940 1462 patrem
954 1390 1090 1442 vestrum

131 1475 165 1528 et
178 1475 307 1527 matrem
321 1474 474 1526 vestram:
495 1485 558 1526 non
573 1464 735 1540 occidetis,
750 1485 812 1526 non
827 1463 1051 1526 adulterabitis.

175 1549 249 1611 Non
270 1546 392 1610 facietis
414 1547 547 1610 furtum:
577 1569 641 1610 non
671 1547 784 1610 dicetis
813 1546 923 1608 salsum
951 1547 1089 1608 testimo-

130 1633 217 1696 nium
241 1632 385 1694 adversus
407 1631 579 1713 proximum
600 1641 752 1693 vestrum:
773 1651 837 1693 non
859 1628 1090 1712 concupiscetis

130 1735 198 1783 rent
213 1714 349 1777 ulterius.

585 1840 637 1898 91.

173 1901 290 2016 Moses,
312 1960 331 2002 a
352 1939 422 2002 Deo
442 1939 586 2018 monitus,
608 1939 723 2002 confici
745 1939 836 2024 jussit
848 1939 1089 2010 ,tabernaculum

130 2045 170 2088 ex
197 2024 332 2106 pellibus
361 2033 394 2086 et
417 2023 545 2086 cortinis
566 2023 802 2106 pretiosissimis,
834 2024 960 2106 insuper
984 2043 1089 2086 arcam

130 2107 256 2254 lsoederis
284 2129 361 2171 auro
389 2128 466 2190 puro
490 2108 641 2184 vestitam,
664 2108 697 2170 in
718 2109 780 2189 quir
802 2107 946 2192 reposuit
967 2107 1089 2170 tubulas

143 2213 160 2256 e
185 2192 209 2253 is
223 2193 349 2255 divinae.

161 2213 282 2344 gQuum
301 2277 366 2359 jam
388 2276 420 2339 in
443 2285 615 2358 conspectu
629 2275 760 2338 haberet
774 2286 887 2338 terram
901 2296 920 2337 a
934 2274 1004 2337 Deo
1018 2295 1089 2356 pro-

128 2359 263 2436 missum,
277 2371 417 2424 mortuus
431 2369 479 2422 est
501 2359 545 2423 vir
569 2359 721 2442 sapientie
742 2370 775 2423 et
789 2359 912 2423 caeteris
926 2359 1088 2422 virtutibus

83 2493 86 2498 .
129 2441 221 2522 plane
237 2443 439 2507 admirabilis.
772 2507 775 2517 ,

92 2537 96 2542 “
171 2526 266 2588 Luxit
275 2549 354 2596 ¹curn
368 2529 501 2611 populus
515 2527 628 2590 diebus
642 2526 780 2672 trifime.

173 2608 335 2672 Successit
356 2611 389 2676 in
416 2613 521 2674 locum
552 2611 650 2674 Musis
693 2631 780 2690 osue,
802 2631 896 2691 quern
917 2611 984 2693 ipse
1005 2609 1088 2692 priris

128 2689 360 2772 designaverat.

579 2797 630 2856 92.

170 2907 214 2970 Ut
242 2906 373 2970 Hebraei
406 2894 579 2971 in‘terram
604 2907 785 2989 promissum
807 2909 1088 2991 introducerentur,
1203 2899 1207 2906 ’

126 2991 280 3055 Jordanes
293 3001 361 3053 erat
385 2991 602 3073 trajiciendus:
624 3011 684 3053 nec
704 3003 771 3055 erat
785 2993 822 3055 iis
839 2995 963 3058 navium
985 2998 1088 3080 copia,

124 3095 185 3140 nec
200 3073 316 3136 vadum
330 3075 492 3154 praebebat
510 3075 607 3137 amnis
621 3085 697 3137 tunc
712 3074 807 3156 pleno
822 3077 912 3140 alveo
927 3079 1036 3142 fluens.
1099 3089 1104 3097 '

170 3158 257 3222 Deus
271 3157 358 3220 venit
372 3157 417 3220 eis
439 3157 573 3220 auxilio:
594 3157 688 3220 Josue
707 3159 798 3243 jussit
822 3161 960 3242 praescrri
983 3183 1089 3228 arcam

126 3241 263 3317 foederis,
279 3251 313 3304 et
327 3240 479 3324 populum
493 3241 590 3320 sequi.

170 3323 452 3407 Appropinqusnte
478 3323 559 3400 arci,
584 3345 684 3406 aquae,
710 3346 780 3408 quae
814 3329 946 3411 superne
968 3327 1089 3393 deflue-

125 3407 213 3478 bant,
228 3415 383 3475 steterunt
397 3409 492 3478 instar
512 3409 612 3487 muri3
633 3429 703 3488 quse
728 3421 833 3476 sutem
854 3412 942 3490 instit,
956 3412 1090 3477 dercen-

127 3487 289 3550 demutet
303 3491 426 3555 alveum
441 3491 560 3554 siccum
574 3491 775 3573 reliquerunt.
889 3511 891 3515 ·
