2492 4038
600 227 648 300 73

599 410 653 470 23.
765 463 770 476 .

462 530 563 586 OLEA
589 529 639 584 ΕΤ
670 529 798 592 ulcus„

192 617 283 682 Juxta
310 618 413 682 oleam
434 629 527 681 enata
548 619 647 682 fuerat
669 619 757 680 ficus.
810 615 902 680 Hanc
924 617 978 680 illa
996 616 1098 702 despi-

152 703 241 764 cerel
255 713 349 783 etque
364 703 521 778 irridere*
536 703 617 782 qudd
632 703 703 764 crim
725 701 794 783 ipsa
815 701 967 764 viriditate
989 723 1098 786 peren·

151 786 182 848 ni
195 787 356 868 gauderet,
371 786 416 848 illi
431 796 496 848 tum
512 786 585 848 folia
598 787 790 848 deciderent.

191 869 254 930 Nix
268 879 383 945 autem,
406 870 444 932 eal
464 879 647 950 tempestate
669 869 806 949 delapsa,
822 867 901 929 oleae
924 869 1015 930 ramis
1037 880 1100 934 tam

149 953 245 1026 densa
259 939 424 1029 insidebat}
438 963 474 1014 ut
496 953 563 1033 ipsa
581 953 642 1013 una
655 973 728 1014 cum
742 939 971 1032 pulchritudine
986 953 1041 1015 sual
1055 953 1100 1016 in-

150 1037 252 1098 teriit:
282 1034 364 1098 hano
386 1037 468 1112 vero,
481 1055 584 1116 ‚quam
605 1036 751 1097 nudatam
774 1033 854 1096 foliis
876 1035 1001 1112 invenit,
1022 1057 1101 1120 prae-

150 1119 272 1196 teribat‚
287 1119 365 1182 etin
380 1130 491 1182 terram
504 1119 645 1182 defluens
659 1117 781 1212 nihilei
792 1117 938 1180 nocebat.

600 1249 651 1305 24.
696 1283 701 1295 ·

445 1361 541 1416 Apus
571 1361 622 1414 ΕΤ
650 1361 811 1418 PASTOR.

86 1511 91 1514 .
191 1453 283 1535 Apes
301 1451 340 1530 in
354 1452 432 1514 cava
452 1473 569 1533 quercu
581 1451 645 1517 mel
661 1452 827 1529 faciebant,
849 1451 957 1518 Pastor
977 1455 1048 1518 verd
1070 1456 1103 1519 in

148 1557 211 1614 aas,
227 1535 315 1618 operi
330 1535 474 1612 intentas,
489 1535 566 1598 forte
591 1535 701 1598 incidit
709 1559 727 1615 ;.
740 1536 834 1616 idque
856 1536 964 1600 sedulo
979 1539 1102 1684 Ἕῗὴαὶ,

148 1631 191 1694 ut
210 1621 298 1684 favos
320 1619 474 1682 auferret:
505 1619 588 1700 quod
613 1619 683 1682 crim
705 1619 872 1682 sensissent
894 1640 978 1704 apes,
1034 1643 1101 1686 rore

27 1735 28 1738 ¹
148 1705 277 1786 percitae
310 1703 384 1766 hinc
406 1713 439 1766 et
459 1701 546 1766 illinc
573 1702 807 1780 circumvolant,
829 1702 954 1787 suisque
982 1705 1125 1770 hostem·

148 1788 200 1851 abi
226 1799 282 1851 unt
296 1786 423 1851 aculeis.
526 1807 529 1818 ¹

190 1810 250 1935 Ille
272 1882 377 1934 tamen
397 1870 508 1946 victus,
526 1869 648 1950 valete,
672 1871 781 1953 inquit,
795 1871 825 1936 Ο
839 1872 996 1950 formulae,
1011 1884 1103 1938 aeter-

26 2031 29 2038 .
146 1957 223 2018 num
237 1943 360 2034 valete3
381 1974 445 2017 non
466 1953 545 2016 adeo
564 1953 627 2017 mel
648 1955 801 2033 desidero,
824 1967 895 2020 uta
917 1957 1005 2020 vobis
1025 1957 1103 2022 illud

148 2037 320 2122 accipiam.
605 2127 647 2185 25

475 2223 567 2282 DUAE
592 2222 791 2282 MAN'I'IGAE.

92 2357 100 2365 -
191 2311 412 2394 Unusquisque
432 2313 570 2377 nostrum
591 2313 669 2378 duas
682 2325 787 2400 gestat
799 2314 961 2392 manticas,
976 2313 1104 2381 alterum

33 2404 75 2495 (Ἰ
148 2407 223 2460 ante
244 2407 367 2479 pectus
382 2391 512 2460 alteram
533 2419 553 2460 a
573 2407 681 2480 terg03
702 2409 864 2480 utramque
882 2397 1026 2460 vitiorum
1039 2398 1105 2482 ple·

147 2499 245 2541 nam:
274 2479 405 2542 aliorum
428 2479 561 2564 'quidem
591 2481 785 2559 anteriorem,
812 2481 1004 2566 propriorum
1032 2483 1104 2546 vero

148 2562 368 2644 posteriorem.

191 2645 372 2728 Propterea·
394 2645 536 2711 homines
564 2669 620 2712 sua
651 2647 724 2714 vitia
755 2649 881 2716 omnino
902 2651 1103 2730 nonvident,

148 2727 340 2798 alienaverit
355 2731 631 2816 perspicacissime.

550 2859 657 2920 226.

549 2956 720 3012 CASSITA.

163 3087 168 3120 ι,
192 3039 315 3105 Cassita
334 3041 408 3106 dum
429 3064 534 3108 escam
555 3047 684 3129 appetit,
705 3045 823 3112 irretita
843 3047 966 3130 laqueo,
995 3044 1103 3127 deplo-

147 3145 221 3190 rans
240 3124 392 3188 lortunam
413 3147 511 3205 suam,
525 3127 580 3192 Me
594 3129 736 3194 miseram
758 3142 790 3196 et
811 3131 979 3207 infelicem,
993 3128 1103 3210 inquit,

60 3266 64 3274 .
148 3210 327 3273 volucrem:
347 3229 411 3272 non
431 3231 492 3294 ego
515 3211 583 3275 aliis
604 3233 712 3276 aurum
732 3215 886 3294 subduxi3
907 3232 970 3278 non
993 3233 1103 3296 argen-

30 3325 33 3344 ι
149 3304 216 3357 tum
229 3293 317 3376 rapui
328 3317 339 3373 ;
359 3293 435 3356 nihil
457 3295 553 3360 invasi
578 3297 622 3360 rei
643 3297 736 3361 ullius
755 3300 921 3382 pretiosae:
942 3295 1103 3378 parvulum

30 3381 37 3392 “
149 3378 220 3442 vero
235 3375 329 3442 tritici
342 3397 473 3463 granum
486 3390 616 3446 mortem
628 3381 704 3447 mihi
718 3383 831 3446 attulit.

409 3553 438 3654 7·
466 3533 479 3559 a
490 3531 792 3596 peniculamenta.
