2472 4038
582 203 651 290 137

134 381 206 468 quid
219 396 313 462 ortum
336 381 421 444 suerit
435 377 585 444 simultatis
596 379 741 459 alicunde,
756 395 805 444 aut
820 382 987 468 purgatione
1010 382 1098 462 lenio,

133 479 186 526 aut
208 465 308 528 officiis
337 466 485 548 extinguo,
507 480 556 527 aut
580 465 803 527 dissimulatione
818 467 909 550 patior
930 467 1096 530 intermori:

75 559 77 563 '
134 550 350 612 aconteutione
367 570 483 630 semper
497 549 644 624 abstine03
688 569 731 610 uae
753 549 775 610 si
796 549 935 626 inciderit,
957 549 1035 612 malo
1055 549 1098 612 rei

48 708 50 711 7
135 652 222 714 quam
233 632 364 693 amicitia
375 631 471 693 secere
482 631 633 714 jacturam.
668 569 706 692 in
718 632 828 693 catoris
842 631 994 694 Mitionem
1006 655 1098 716 quen·

134 715 201 775 dam
217 737 283 798 ago,
297 716 368 776 nulli
382 715 456 776 laedo
470 735 512 790 os,
528 714 641 775 arrideo
655 714 806 788 omnibus3
821 716 911 776 saluto
925 737 959 776 ec
973 717 1098 778 resaluto

132 797 310 880 benigniter3
331 799 436 859 nullius
454 797 550 860 anino
568 817 716 879 repugn03
742 798 846 858 nullius
863 797 1024 859 institutum
1049 811 1098 860 aut

133 879 243 941 factum
268 881 394 942 damno:
417 880 525 942 nemini
546 901 594 956 me
617 878 757 962 praefero:
777 879 869 962 patior
894 900 979 940 suum
994 881 1099 964 cuique

133 964 285 1045 pulchrum
307 985 388 1026 esse:
405 963 483 1046 quod
502 963 592 1024 taceri
605 963 702 1037 velim,
716 962 825 1024 nemini
846 961 953 1024 credo:
978 963 1099 1026 aliorum

133 1067 239 1109 arcane
252 1068 311 1108 non
333 1061 453 1122 scrutor,
468 1046 537 1108 etsi
552 1046 621 1128 quid
645 1045 718 1107 sorte
732 1044 809 1121 novi,
824 1066 972 1128 nunquam
988 1046 1097 1110 effutio.

133 1127 185 1190 De
207 1129 252 1190 his
275 1131 325 1213 qui
346 1143 503 1212 presentes
517 1151 576 1190 non
590 1142 666 1204 sunt,
681 1143 730 1190 aut
753 1141 847 1204 taceo,
870 1141 919 1190 aut
945 1129 1039 1190 amice
1054 1131 1098 1192 lo·

134 1232 206 1294 quor
220 1233 256 1274 ac
279 1213 408 1274 civiliter.
453 1212 562 1294 Magna
582 1232 651 1293 -pars
673 1211 847 1272 simultatum
870 1211 944 1272 inter
965 1212 1098 1276 homiues

131 1295 261 1356 nascitur
277 1316 316 1356 ex
338 1297 439 1379 lingua
454 1296 682 1378 intemperantiis.
726 1295 845 1356 Alienas
866 1295 1021 1356 simultates
1041 1317 1098 1358 neo

134 1379 233 1440 excito
247 1399 304 1440 nec
319 1380 386 1458 alo;
413 1380 464 1440 sed
479 1379 642 1460 ubicunque
662 1379 745 1439 datur
758 1379 966 1460 opportunitas,
981 1393 1030 1440 aut
1044 1400 1099 1440 ex·

133 1461 242 1543 tingu0,
254 1475 305 1524 aut
316 1463 425 1545 mitigo.
469 1461 525 1523 His
537 1461 691 1522 rationibus
701 1461 841 1522 hactenus
853 1461 937 1523 vitavi
951 1461 1098 1546 invidiam,

134 1565 169 1606 ac
185 1545 415 1608 benevolentiam
429 1545 535 1607 civium
550 1563 683 1605 meorum
698 1543 762 1604 alui.

175 1627 237 1690 Pa.
260 1628 331 1690 Non
347 1629 458 1690 sensisti
474 1647 591 1710 gravem
606 1627 789 1688 caelibatum?

182 1710 232 1772 (il.
255 1711 330 1774 Mihi
353 1713 473 1795 quidem
494 1711 563 1772 nihil
578 1710 683 1772 accidit
706 1709 879 1772 acerbiusin
899 1709 958 1774 vita
972 1731 1097 1794 unquam

133 1795 233 1856 uxoris
248 1809 360 1858 morte:
386 1816 420 1856 ac
435 1795 625 1856 vehementer
646 1791 793 1876 opttissem
808 1793 885 1854 illam
908 1795 966 1856 und
979 1815 1097 1858 mecum

133 1899 356 1955 consenescere,
364 1879 520 1961 liberisque
531 1877 731 1940 communibus
743 1875 796 1937 frui
806 1898 815 1954 ;
827 1877 878 1938 sed
891 1879 1007 1960 quando
1018 1879 1099 1940 aliter

64 1965 65 1968 ’
137 1959 233 2020 visum
248 1975 291 2022 est
305 1961 426 2043 superis,
437 1961 564 2044 judicavi
578 1961 620 2022 sic
634 1961 725 2042 magis
736 1960 877 2042 expedire
889 1961 1002 2044 utrique
1014 1983 1024 2038 ;
1044 1982 1098 2022 ne-

140 2061 198 2125 que
213 2063 330 2104 causam
344 2043 439 2140 putavi
449 2065 501 2104 cur
511 2065 560 2104 me
571 2043 647 2104 inani
657 2044 738 2104 luctu
749 2043 966 2121 discruciarem,
977 2064 1098 2127 preser-

138 2125 191 2186 tim
207 2146 273 2186 cum
289 2126 312 2187 is
326 2127 393 2187 nrhil
408 2126 558 2208 prodesset
573 2125 726 2189 defiructae.

180 2207 237 2270 Po.
262 2209 459 2294 Nunquamne
487 2209 603 2270 incessit
630 2210 717 2271 libido
745 2209 896 2292 repetendi
923 2209 1098 2272 matrimonii

136 2293 294 2376 praesertim
308 2315 376 2356 cum
391 2293 466 2354 istud
480 2293 531 2354 tibi
546 2292 666 2354 feliciter
681 2293 835 2354 cessisset?

183 2375 232 2437 Gt.
255 2376 388 2452 lucessit,
414 2377 466 2437 sed
490 2377 644 2436 liberorum
673 2375 762 2437 causti
786 2376 927 2436 duxeram
953 2395 1099 2454 uxorem;

136 2459 296 2521 liberorum
316 2460 405 2520 causa
419 2479 516 2518 rursus
537 2479 595 2518 non
617 2459 697 2519 duxi.
755 2457 836 2520 Turn
861 2459 956 2540 cogita
981 2471 1099 2542 quantas

137 2543 247 2603 habeat
259 2541 478 2602 commoditates
499 2541 650 2601 caelibatus.
704 2541 833 2614 Quidam
855 2541 934 2602 omni
948 2561 987 2602 ex
1001 2562 1032 2602 re
1047 2541 1099 2604 de·

137 2638 263 2706 cerpunt
276 2623 300 2684 si
316 2624 382 2708 quid
399 2637 442 2684 est
457 2623 652 2685 incommodi:
682 2625 771 2706 qualis
795 2624 881 2686 luisse
896 2624 1008 2687 videtur
1023 2624 1098 2690 Cra·

139 2722 183 2770 tes
197 2708 246 2768 ille
261 2706 344 2790 cujus
367 2707 448 2769 titulo
462 2706 551 2768 fertur
565 2707 751 2790 epigramma,
774 2708 839 2770 vitae
860 2709 937 2770 mala
950 2711 1096 2794 colligens.

140 2789 285 2852 Nimirum
298 2791 341 2852 his
355 2793 451 2873 placet
466 2791 546 2866 illud,
562 2793 702 2873 optimum
713 2813 771 2852 non
784 2793 872 2852 nasci.
917 2791 993 2854 Mihi
1007 2794 1099 2874 magis

142 2875 245 2936 arridet
269 2874 462 2950 Metrodorus
488 2873 681 2957 undequaque
697 2875 856 2956 decerpens
880 2875 904 2936 si
928 2877 996 2960 quid
1025 2877 1099 2936 inest

139 2957 227 3032 boni;
255 2958 296 3018 sic
311 2958 388 3018 enim
416 2958 515 3019 htvita
536 2957 664 3034 dulci0r3
693 2971 723 3019 et
750 2978 805 3040 ego
834 2959 884 3034 sic,
909 2957 1011 3021 induxi
1039 2957 1098 3018 ani-

139 3061 223 3102 mum
238 3052 270 3098 ut
280 3039 348 3100 nihil
362 3041 551 3102 vehementer
561 3041 608 3102 vel
619 3041 741 3116 oderim,
753 3043 799 3102 vel
810 3056 958 3126 expetam.
1002 3039 1047 3100 lta
1058 3039 1098 3114 fit,

139 3137 173 3185 ut
195 3122 219 3183 si
245 3121 313 3205 quid
337 3123 463 3205 obtingat
485 3124 563 3198 boni,
586 3145 645 3184 uon
667 3124 771 3186 efferar
788 3141 836 3189 aut
861 3127 1052 3198 insolescam3
1075 3121 1098 3182 si

141 3205 212 3290 quid
227 3204 357 3282 decedat,
372 3228 429 3268 non
444 3207 601 3268 admodum
616 3207 735 3269 crucier.

182 3288 245 3352 Pa.
268 3287 323 3350 Nae
348 3303 379 3350 tu
402 3291 592 3372 philosophus
607 3311 639 3351 es
662 3293 707 3352 vel
734 3291 799 3374 ipso
812 3288 940 3349 Thalete
963 3285 1098 3368 sapienti-

140 3396 182 3454 or,
198 3374 221 3436 si
236 3372 355 3457 quidem
370 3373 444 3434 istud
459 3387 552 3457 potes.
643 3398 646 3407 ¹

188 3457 237 3521 Gt.
262 3457 294 3519 Si
309 3457 378 3540 quid
394 3457 565 3540 agritudinis
579 3457 710 3520 obortum
722 3469 766 3516 est
779 3455 885 3528 animo,
896 3467 928 3516 ut
941 3455 1030 3518 multa
1044 3457 1098 3520 lert

140 3541 307 3626 hujusmodi
330 3542 387 3603 vita
409 3541 586 3616 mortalium,
603 3541 730 3623 protinus
752 3535 835 3619 ejicio
859 3557 898 3600 ex
917 3539 1023 3620 animo,
1037 3543 1099 3605 sive

142 3626 178 3690 sit
192 3625 234 3688 ira
248 3645 286 3689 ex
301 3623 424 3701 offensa,
438 3625 582 3742 sive*quid
594 3623 671 3683 aliud
686 3618 802 3702 indigne
817 3619 935 3685 sactum.
