2472 4038
615 193 686 268 tau

206 375 265 440 Po.
288 376 329 440 At
342 389 409 438 sunt
423 373 556 458 quadam
570 372 687 456 injurie,
703 392 766 455 que
789 371 837 434 vel
851 369 1038 453 placidissimo
1050 393 1108 434 mo·

165 474 252 604 peant
266 460 465 522 stomachum:
488 458 560 520 tales
580 471 647 518 sunt
660 456 824 538 frequenter
849 468 879 516 et
893 453 1057 516 sannorum
1069 455 1108 516 oi·

177 565 262 606 ense.

211 625 260 688 ul.
284 625 367 688 Nihil
381 645 437 708 ego
451 623 543 707 patior
556 622 680 684 residere
695 620 724 682 in
746 621 844 682 animo
865 641 949 700 meo:
973 619 996 682 si
1008 619 1108 682 mederi

165 730 283 792 queam,
305 709 445 785 medeor3
466 707 507 767 sin
531 706 633 779 minus,
648 704 688 765 sic
703 706 817 786 cogito:
842 703 913 786 quid
933 702 1108 786 prodhritme

165 791 247 874 tingi,
263 813 294 854 re
318 792 405 852 nhiln
418 790 519 852 melius
533 787 684 849 habituris?
718 786 802 860 Quid
817 786 935 849 multis?
978 785 1109 848 Patiorut

166 874 224 936 hoo
239 895 309 936 mox
330 875 465 956 impetret
489 893 507 933 a
530 891 578 932 me
602 872 685 946 ratio,
708 871 784 953 quod
808 869 898 953 pauli)
921 883 986 952 post
1008 884 1109 950 tempus

166 973 245 1020 esset
266 957 490 1038 impetraturum.
547 953 638 1016 Certe
653 955 748 1040 nullus
761 968 806 1016 est
820 967 919 1016 tantus
933 951 1018 1014 animi
1038 951 1110 1012 dolor

166 1061 253 1124 quern
269 1040 358 1122 patiar
373 1059 489 1100 mecum
504 1038 544 1098 ire
560 1037 701 1098 cubitum.

207 1121 269 1184 Eu.
291 1121 373 1183 Nihil
388 1123 492 1184 mirum
508 1121 531 1182 si
545 1136 577 1182 tu
591 1141 650 1182 non
664 1119 801 1195 senesciS,
816 1120 866 1202 qui
880 1119 931 1180 tali
945 1117 982 1180 sis
996 1115 1090 1178 animo.
1193 1167 1194 1170 ,

212 1203 383 1300 GL'Atque
407 1204 482 1266 adei)
504 1225 541 1266 ne
567 1203 635 1286 quid
660 1204 796 1265 reticeam
822 1202 901 1286 apud
925 1201 1120 1273 amicos‚eum'

165 1288 264 1433 primis
277 1309 341 1350 cavr
357 1309 394 1350 ne
409 1289 476 1371 quid
492 1287 588 1370 flagitii
603 1287 813 1348 committerem
830 1287 911 1368 quod
926 1285 973 1346 vel
987 1281 1052 1344 mihi
1071 1281 1111 1341 vel

177 1371 262 1432 iberis
276 1372 349 1433 meis
364 1373 468 1454 probro
482 1392 547 1433 esse
558 1385 672 1452 posset;
695 1369 764 1430 nihil
776 1370 854 1430 enim
870 1367 1046 1452 irrequietius
1058 1363 1112 1424 ani·
1193 1381 1194 1390 ¹

166 1475 217 1516 mo
240 1453 293 1516 sibi
315 1455 393 1518 male
417 1455 544 1517 conscio.
598 1452 691 1526 Quod
713 1453 737 1514 si
759 1453 826 1535 quid
849 1453 945 1534 culpae
969 1449 1112 1512 admissum

167 1551 222 1614 est,
237 1560 296 1599 non
320 1559 357 1600 eo
380 1539 510 1600 cubitum
535 1537 623 1620 prius,
647 1535 734 1620 qoam
758 1556 807 1598 me
832 1535 904 1598 Deo
925 1529 1110 1598 reconciliiro.

167 1618 253 1682 Vere
274 1621 480 1718 tranquillitatis
502 1621 565 1682 lons
589 1634 633 1682 est
657 1617 733 1682 bene
756 1619 914 1680 convenire
941 1638 1010 1679 eum
1035 1612 1096 1676 Deo
1103 1632 1113 1688 3

166 1722 236 1764 narn
261 1705 311 1788 qui
325 1726 367 1766 sie
390 1705 500 1781 vivunt,
519 1704 564 1766 his
587 1723 643 1765 nee
664 1702 795 1764 homines
814 1721 995 1785 magnopere
1017 1713 1113 1759 nocere

166 1800 299 1867 possunt.
916 1792 923 1806 '

207 1865 268 1930 Eu.
292 1867 373 1930 Num
388 1868 504 1950 quando
518 1881 546 1930 te
560 1866 670 1930 cruciat
683 1880 779 1930 metus
793 1869 916 1932 mortis?

212 1949 262 2012 ul.
285 1949 387 2012 Nihilo
401 1950 492 2033 megis
507 1949 595 2034 quam
616 1965 744 2014 manerat
762 1952 824 2013 dies
838 1949 1000 2014 nativitatis
1052 1941 1113 2008 Seio

165 2034 367 2111 moriendum3
395 2035 449 2096 ista
470 2034 619 2096 solicitudo
642 2033 768 2097 fortassis
791 2035 900 2098 adimat
922 2033 993 2098 mihi
1016 2029 1113 2111 aliquot

165 2117 229 2182 vita
244 2118 316 2195 dies,
341 2117 421 2181 certe
442 2118 511 2180 nihil
524 2131 622 2201 posset
636 2117 761 2202 adjicere
784 2139 793 2195 ;
824 2119 923 2202 itaque
937 2131 1025 2181 torem
1046 2113 1112 2174 hanc
1133 2150 1134 2154 =

164 2223 266 2264 curam
280 2203 391 2284 superis
405 2202 565 2264 committo.
608 2201 676 2283 lpse
697 2201 768 2264 nihil
790 2201 961 2278 aliudeuro,
983 2196 1066 2282 quem
1085 2204 1113 2252 ut

165 2285 447 2431 bepssesuaviterque
460 2284 578 2360 vivam3
603 2306 660 2347 non
674 2298 771 2367 petest
791 2298 890 2346 autem
912 2284 1045 2356 suaviter,
1064 2273 1112 2340 nisi

153 2390 214 2452 rqur
266 2389 314 2430 ne.

205 2451 263 2516 Po.
288 2452 331 2514 At
353 2472 408 2534 ego
422 2471 604 2514 senescerem
620 2449 714 2526 tedio,
729 2451 753 2512 si
767 2465 809 2514 tot
826 2472 915 2515 annos
939 2442 1108 2535 degeremin

163 2533 269 2596 eidem
284 2536 365 2611 urbe,
380 2534 490 2598 etiamsi
505 2533 609 2596 Romae
624 2535 768 2618 contingat
782 2535 891 2598 vivere.

181 2698 187 2711 ι
209 2616 258 2676 Gr.
283 2617 384 2680 Habet
398 2618 517 2702 quidem
528 2618 583 2704 loci
594 2619 715 2680 mutatio
729 2619 882 2701 voluptatis
896 2617 1023 2682 nonnihil
1033 2637 1040 2690 ;
1051 2613 1110 2674 lon·

161 2719 274 2781 gmquae
293 2699 364 2760 verit
385 2723 455 2782 pere
474 2700 626 2782 n'nationes
648 2714 680 2762 ut
704 2702 884 2783 prudentiam
899 2704 1009 2765 addunt
1020 2699 1110 2762 sortas-

160 2781 208 2857 sis,
219 2781 266 2860 ¹ita
279 2781 433 2864 plurimum
455 2723 563 2844 habent
584 2782 784 2864 periculorum.
828 2785 906 2848 Mihi
919 2787 1018 2850 videor
1030 2777 1109 2844 tutius

161 2879 253 2928 totum
274 2865 374 2926 orbem
397 2865 475 2927 obire
504 2866 533 2927 in
555 2864 654 2928 rabula
674 2869 878 2951 geographici,
908 2890 1004 2954 neque
1031 2858 1109 2949 paulli

181 2949 226 3010 lus
250 2948 349 3012 videre
374 2947 403 3009 in
428 2948 562 3026 historiis,
589 2949 678 3031 quim
702 2951 726 3012 si
751 2951 848 3034 viginti
873 2967 949 3016 totos
968 2969 1062 3023 annue,
1075 2940 1108 3005 ad

161 2971 278 3098 illvssis
292 3031 473 3113 exemplum,
494 3054 548 3114 per
572 3055 674 3096 omnes
688 3048 777 3098 terras
792 3037 938 3119 mariaque
960 3035 1106 3100 volitarem·
1193 3075 1194 3124 l

106 3127 109 3132 '
162 3101 268 3178 Habeo
283 3115 461 3200 praediolum‚
481 3117 557 3197 quod
572 3117 653 3179 abest
664 3119 700 3180 ab
715 3119 786 3180 urbe
797 3139 854 3181 non
869 3121 933 3203 plus
945 3121 1029 3203 quam
1044 3114 1108 3176 duo·

161 3200 216 3262 bus
229 3201 352 3264 millibus
365 3219 502 3296 passuum
515 3221 524 3277 ;
539 3199 577 3261 ibi
591 3222 798 3284 nonnunquam
812 3223 851 3264 ex
861 3204 971 3266 urbano
985 3204 1021 3266 fio
1034 3191 1109 3260 rusti·

161 3302 234 3362 eus3
256 3299 341 3370 utque
364 3283 403 3346 rbi
424 3295 579 3358 recreatus,
601 3285 691 3348 redeo
713 3307 804 3348 novus
819 3286 926 3370 hospes
946 3287 975 3350 in
998 3283 1108 3352 urbemt
1193 3299 1194 3326 ³

161 3385 217 3426 nec
232 3367 312 3429 aliter
324 3367 417 3430 saluto
438 3387 473 3428 ne
494 3366 601 3428 salutor
624 3367 711 3450 quern
732 3370 757 3432 si
777 3368 991 3454 renavigassem
1014 3361 1110 3430 exin·
1192 3367 1194 3400 ἕ

161 3447 231 3508 sulis
244 3469 337 3590 nuppr
350 3450 483 3512 inventia
512 3504 513 3508 ,

203 3525 264 3590 En.
311 3551 357 3624 pp
371 3532 491 3626 adjuvas
505 3531 700 3596 valetudinem
715 3535 898 3616 pharmacis?
1193 3591 1194 3596 1

207 3606 257 3676 al.
279 3607 359 3678 thrl
374 3613 445 3682 mrhi
467 3615 509 3682 rei
534 3635 602 3683 eum
626 3615 755 3682 medicis.
800 3617 868 3686 Nec
891 3620 981 3688 incidi·
1014 3629 1112 3682 vem
1193 3615 1194 3636 ¹
