2472 4038
560 249 630 324 102

165 433 273 504 Gratia
286 441 334 500 est
353 433 499 498 habenda
511 443 641 512 nature,
656 433 739 516 qudd
752 454 801 511 ea,
814 455 886 516 quae
901 435 1076 499 necessaria

122 527 203 594 sunt,
217 518 368 600 parabilis
392 518 521 598 fecerit3
542 539 612 600 quae
636 529 742 582 autem
765 539 828 581 non
849 518 941 582 facile
966 539 1076 601 paran-

123 611 181 679 tur,
195 602 321 666 minime
339 602 524 666 necessarie.
555 599 721 666 uatumm
741 602 855 665 ducem
868 601 894 664 si
909 603 1077 684 sequimur,

122 705 280 766 nunquam
295 686 514 750 aberrabimus.

124 853 142 916 f
165 769 300 834 Meliora
323 780 394 834 sunt
416 791 455 834 ea
472 791 543 852 quae
565 769 683 848 nature,
705 769 799 865 qpem
821 790 893 852 quae
916 780 983 834 arte
1007 790 1078 853 per·

136 863 209 916 ecta
222 863 304 917 sunt.
327 901 329 905 ,

500 951 697 1006 FORTUNA.

126 1042 249 1190 soridiia
273 1042 449 1106 hominibus
479 1043 616 1119 adverse,
650 1041 742 1124 quim
770 1061 918 1126 prospera
944 1039 1079 1124 'prodest

166 1210 241 1274 Non
272 1209 371 1274 soliun
402 1209 468 1292 ipse
496 1209 804 1287 fortunaeaecaest,
825 1209 996 1274 sedetiam
1023 1208 1078 1275 eos
1194 1243 1197 1248 ·

125 1294 306 1378 plerumque
321 1315 425 1358 caecos
439 1294 538 1358 efficit
551 1315 628 1375 quos
642 1293 871 1376 complectitur.

168 1377 255 1442 Nihil
269 1379 362 1460 eripit
375 1379 495 1442 fortuna
521 1377 579 1441 nisi
594 1377 678 1458 quod
692 1377 794 1442 dedit:
815 1379 959 1443 virtutem
973 1387 1079 1443 autem

125 1482 188 1526 non
202 1463 298 1539 dedit,
313 1463 384 1526 ideo
397 1484 461 1526 nou
474 1461 618 1526 detrahit.

167 1546 226 1610 Ille
241 1546 366 1610 insanus
379 1557 437 1624 est,
451 1547 504 1628 qui
519 1545 606 1610 elteri
627 1544 780 1609 fortunam
801 1546 987 1629 exprobrat3
1007 1548 1079 1610 edm
1106 1601 1110 1606 ,

125 1651 219 1695 nemo
232 1630 320 1708 sciat,
335 1631 455 1694 etiamsi
470 1631 582 1694 florens
596 1629 645 1706 sit,
660 1649 700 1692 an
723 1630 763 1693 ed
787 1651 946 1713 vesperam
968 1630 1079 1694 eedem
1117 1645 1120 1648 ’

126 1714 249 1778 fortuna
262 1715 302 1776 sit
314 1734 467 1778 mansure.
614 1740 618 1748 “

168 1797 334 1865 Neminem
357 1799 485 1861 adverse
506 1796 628 1860 fortuna
652 1795 862 1863 comminuere
884 1809 996 1881 potest,
1020 1798 1078 1862 nisi
1185 1801 1186 1804 ’

127 1901 220 1963 quem
235 1881 374 1944 secunda
386 1881 524 1963 decepit.

168 1965 280 2028 Brutus
294 1965 326 2028 in
347 1987 387 2029 eo
408 1965 498 2044 libro,
517 1985 610 2047 quem
634 1966 673 2029 de
698 1965 809 2030 virtute
831 1965 963 2049 scripsit,
984 1965 1037 2042 ait,
1050 1988 1079 2029 se

125 2049 228 2113 sidiam
269 2048 454 2127 Marcellum,
510 2047 662 2134 Mitylenis
714 2049 882 2127 exclamem,
925 2049 1111 2113 beatissime.

126 2134 271 2282 megaera,
306 2155 397 2220 acque
424 2156 553 2242 uuquam
586 2136 654 2198 uate
687 2134 826 2198 bonarum
857 2134 963 2201 artium
1000 2133 1080 2220 copi-

492 2315 712 2370 PATIENTIA.

169 2409 279 2474 Omnis
293 2408 381 2472 dolor
394 2407 546 2491 petientid
564 2407 697 2471 lenitur:
719 2405 781 2469 elia
799 2405 871 2470 aliis
894 2405 985 2470 malis
1009 2417 1081 2470 sunt

127 2494 274 2570 remedia,
289 2492 439 2576 patientia
457 2503 561 2556 autem
583 2511 748 2556 commune
772 2500 820 2554 est
842 2490 994 2556 malonun
1016 2513 1080 2555 om·

127 2577 214 2640 nium
227 2577 440 2641 lenimentum.

171 2659 247 2722 Sine
262 2661 394 2741 quereld'
401 2661 581 2724 mortalibus
608 2657 724 2724 tributa
737 2661 918 2744 pendemus.
963 2658 1081 2744 Hyems

129 2743 244 2828 frigora
272 2743 409 2820 adducit,
437 2743 605 2827 algendum
626 2753 694 2822 est3
724 2755 816 2808 aestas
837 2743 958 2808 calores
979 2744 1081 2821 refert,

12 2877 13 2898 .
129 2827 323 2892 aestuandum
348 2837 413 2891 est:
435 2827 632 2911 intemperies
654 2826 727 2889 coeli
749 2826 959 2892 valetudinem
973 2838 1082 2905 tentat,

12 2979 13 2984 ,
130 2912 345 2996 aegrotandnm
365 2923 423 2990 est,
438 2923 472 2976 et
496 2911 560 2975 fera
578 2911 669 2974 nobis
685 2912 834 2990 occurrit,
849 2922 882 2976 et
902 2911 1083 2976 homo-feris

105 3007 107 3012 ’
130 2997 274 3061 omnibus
288 2996 499 3082 perniciosior.

173 3081 335 3164 Optimum
362 3090 409 3144 est
443 3081 506 3164 pati
536 3081 620 3164 quod
651 3081 815 3146 emendare
837 3101 900 3144 non
921 3081 1030 3164 possis,
1052 3089 1084 3144 ct

132 3167 235 3232 Deum
250 3165 315 3230 sine
329 3165 569 3230 murmuratione
584 3166 736 3231 comitari.

174 3250 279 3315 Malus
292 3249 382 3314 miles
395 3260 453 3327 est,
468 3249 522 3331 qui
536 3251 752 3334 imperatorem
765 3270 894 3335 gemens
908 3247 1058 3331 sequitur.

477 3393 746 3451 CONSUETUDO.

176 3461 263 3526 Nihil
278 3473 342 3528 tam
356 3466 476 3529 firmum
494 3476 542 3528 est
564 3465 596 3528 iu
620 3467 713 3531 rebus
730 3463 881 3544 humanis,
896 3463 987 3546 quim
1000 3471 1092 3528 vete·-

12 3605 13 3622 ἶ
130 3545 175 3610 ria
189 3548 422 3612 consuetudinis
436 3549 608 3634 imperium.
