2472 4038
586 207 655 278 135

183 387 246 453 Eu.
268 390 315 452 Ac
328 389 399 451 mihi
413 387 513 451 videor
526 388 732 470 repubescere.

180 471 241 536 Po.
264 473 346 546 Quot
356 493 444 534 annos
456 463 625 554 sup'pntatis,
638 492 676 532 ex
692 490 750 553 quo
760 467 883 532 Lutetirc
897 467 1098 532 conviximus?

180 555 244 618 Eu.
266 557 406 631 Arbitror,
421 556 499 616 haud
513 555 664 638 pauciores
680 551 867 636 quadraginta
880 553 1001 614 duobus.

179 639 239 702 Pa.
264 639 346 702 Tum
358 639 529 700 uidebamur
542 658 644 700 omnes
659 637 793 719 aequales.

179 721 240 785 Eu.
264 722 310 784 Ita
323 721 414 786 fermd
429 743 553 797 eramus,
568 735 617 783 aut
630 719 655 782 si
669 720 738 804 quid
760 732 821 780 erat
840 718 1017 794 discriminis,
1031 739 1098 801 per·

135 806 270 888 pusillum
285 820 354 868 erat.

179 888 239 950 Pu.
263 891 304 951 At
318 911 394 952 nunc
414 902 521 970 quanta
542 887 732 970 inaequalitas!
778 883 856 946 Nam
880 885 1006 967 Glycion
1031 884 1099 946 nihil

137 971 225 1033 habet
239 974 319 1049 senii,
334 986 364 1033 et
377 971 463 1053 hujus
478 991 548 1032 avus
562 970 651 1032 videri
684 983 751 1030 uest
765 968 952 1051 Polygamus.
979 971 982 978 ’

181 1053 244 1116 Eu.
261 1055 401 1118 Profecto
411 1055 452 1116 sic
466 1075 513 1116 res
527 1053 622 1116 habet.
702 1053 750 1113 uid
764 1053 805 1113 rei
819 1051 848 1114 in
862 1051 972 1114 causa?

181 1137 241 1200 Pu.
266 1139 372 1212 Quid?
394 1151 442 1199 aut
455 1137 504 1198 hic
519 1136 649 1213 cessavit,
664 1156 700 1197 ac
714 1135 813 1197 resu'tit
827 1135 857 1197 in
867 1156 965 1212 cursu,
980 1147 1029 1196 aut
1048 1134 1097 1196 iiie

137 1220 300 1283 antevertit.

181 1303 245 1365 En.
267 1305 356 1366 Ohe!
414 1326 471 1366 non
506 1317 619 1366 cessant
655 1302 722 1364 anni
763 1302 943 1386 quantumvis
983 1314 1099 1364 cessent

137 1387 283 1450 homines

180 1471 242 1534 Po.
266 1471 327 1534 Dic
340 1471 419 1534 bona
431 1471 498 1548 fide,
514 1470 651 1553 Glycion,
667 1483 737 1553 quot
751 1490 841 1532 annos
853 1469 1006 1532 numeras?

185 1556 236 1619 Gt.
260 1557 366 1618 Plures
382 1555 469 1639 quam
484 1555 615 1616 ducatos.

179 1641 237 1705 Po.
261 1640 345 1714 Quot
359 1639 498 1701 tandem?

186 1724 237 1787 Gt.
263 1723 423 1807 Sexaginta
437 1743 500 1784 sex.

181 1806 243 1870 Eu.
265 1807 295 1869 Ο
310 1806 381 1870 vere
396 1806 517 1870 Tithoni
530 1820 675 1882 senectus,
691 1805 769 1889 quod
783 1806 872 1868 aiunt.

182 1890 241 1952 Po.
264 1889 451 1973 Sedquibus
474 1889 594 1952 tandem
616 1889 722 1952 artibus
744 1903 904 1952 remoratus
918 1901 1099 1951 essenectu·

139 1974 223 2056 terni
256 1971 336 2032 Nam
363 1992 458 2056 neque
486 1973 604 2034 canities
633 1973 726 2050 adest,
751 1994 848 2056 neque
876 1993 978 2055 rugosa
1005 1971 1119 2048 eurise

140 2057 238 2138 vigent
258 2053 344 2130 oculi,
366 2055 435 2116 nitet
465 2055 597 2140 utrinque
620 2057 751 2119 dentium
770 2057 869 2134 series,
891 2055 971 2118 color
987 2053 1101 2117 vividus

138 2152 195 2216 est,
210 2159 314 2220 corpus
328 2137 534 2200 succulentum.
637 2144 643 2151 '

186 2221 234 2284 Gt.
258 2221 365 2284 Dicam
389 2236 461 2286 artes
484 2244 574 2300 meas,
597 2223 686 2286 modd
707 2238 739 2286 tu
761 2223 884 2286 vicissim
897 2241 997 2284 narres
1017 2220 1100 2284 nobis

137 2320 212 2368 artes
226 2319 300 2381 tuas,
316 2305 418 2388 quibus
433 2321 612 2368 senectutem
626 2306 801 2369 accelerfisti.

180 2388 238 2450 Po.
262 2388 390 2470 Recipio
406 2411 454 2450 me
477 2389 629 2451 facturum.
674 2389 734 2452 Dic
756 2391 849 2472 igitur,
873 2387 933 2472 qud
955 2401 984 2450 te
999 2399 1100 2448 contu·

136 2471 203 2546 listi,
218 2471 319 2532 relicto
333 2471 469 2532 Lutetia?

186 2551 237 2614 Gt.
262 2553 360 2614 Rectd
374 2553 402 2614 in
416 2554 546 2636 patriam.
601 2554 662 2616 Illic
684 2570 876 2620 commoratus
897 2552 959 2616 ferd
982 2574 1098 2630 annum,

137 2637 280 2719 dispicere
306 2637 385 2718 coepi
400 2637 437 2697 de
459 2637 610 2718 deligendo
625 2639 689 2702 vitae
712 2660 817 2721 genere
827 2660 836 2713 ;
865 2658 952 2720 quam
967 2659 1022 2719 ego
1036 2659 1099 2700 rem

137 2741 196 2781 non
207 2721 272 2782 leve
283 2733 464 2783 momentum
475 2719 581 2780 habere
597 2721 686 2782 credo
700 2722 736 2782 ad
747 2722 919 2784 felicitatem.
964 2721 1099 2783 Circum-

138 2803 297 2884 spiciebam
314 2803 383 2886 quid
398 2802 504 2884 cuique
520 2805 700 2879 succederet,
710 2805 778 2886 quid
793 2825 885 2866 secus.

181 2885 239 2946 Po.
262 2885 353 2946 Miror
377 2886 427 2948 tibi
441 2899 551 2946 tantum
573 2884 660 2948 suisse
674 2887 788 2962 mentis,
811 2908 879 2950 cum
893 2887 1017 2951 Lutetiae
1032 2883 1101 2946 nihil

138 2965 224 3029 fuerit
238 2981 268 3028 te
282 2969 429 3049 nugacius
1112 2992 1117 3001 ¹

187 3048 239 3110 Gt.
265 3048 346 3110 Tum
371 3049 480 3113 serebat
505 3066 591 3130 aetas3
620 3065 780 3131 ettamen,
803 3053 833 3115 Ο
856 3054 942 3128 bone,
970 3069 1028 3111 non
1052 3044 1100 3107 hio

138 3153 209 3194 meo
223 3129 320 3193 Marte
335 3153 397 3194 rem
412 3155 529 3197 omnem
544 3136 645 3218 gessi‘

181 3215 238 3278 Po.
267 3213 404 3278 Mirabar.

185 3297 237 3360 Gt.
260 3297 434 3382 Priusquam
460 3301 617 3384 quidquam
640 3304 822 3386 aggrederer,
845 3297 901 3362 adii
924 3295 1101 3379 quendame
1181 3329 1184 3336 v

138 3382 258 3457 civibuS,
274 3395 344 3443 natu
370 3384 518 3464 grandem,
533 3386 618 3468 longo
639 3407 734 3448 rerum
759 3406 813 3446 usu
837 3379 1101 3464 prudentissimum,

137 3466 284 3548 totiusque
310 3465 429 3528 ciritatis
450 3467 613 3530 testimonio
634 3467 865 3551 probatissimum
886 3485 921 3528 ao
949 3485 1017 3528 meo
1039 3464 1102 3548 qui-

138 3549 210 3612 dem
220 3547 331 3632 judicio
346 3549 433 3612 etiam
447 3548 654 3616 felicissimum.
1050 3569 1055 3573 ·

181 3629 243 3698 Eu.
268 3631 419 3716 Sapicbas.
