2492 4038
558 198 605 268 70

151 377 265 442 Animo
279 377 392 440 sensim
415 377 544 452 firmato,
559 376 829 460 circumspicere*
843 386 876 440 et
893 387 1003 440 contra
1025 377 1061 440 il·
1137 416 1139 419 -
1228 419 1229 426 ,

109 460 172 522 lum
194 461 403 537 clamatorem,
434 460 571 542 quisquis
595 471 686 538 esset,
708 481 776 523 sese
806 461 946 542 parare?
966 472 999 524 et
1020 462 1061 524 ad

109 565 246 626 pugnam
260 545 461 626 accingere*

150 629 228 690 Ciun
250 640 352 692 autem
368 629 452 690 videt
473 637 688 710 prorepentem
713 649 818 690 ranam
832 629 872 692 de
888 627 1062 712 propinquo
1078 663 1081 668 ·

109 711 190 788 lacu,
212 712 256 774 ibi
278 713 338 788 leo,
361 711 451 774 simul
473 712 685 794 indignatione
708 711 798 774 sunul
820 713 915 775 etiam
943 712 1061 795 pudore
1122 705 1136 730 ⁶

109 795 250 874 affectus
265 797 347 878 pede
362 795 447 860 illam
462 795 819 908 conculcatamattrpvit.

556 902 605 958 13.

347 1001 523 1054 FORMICA
550 999 600 1052 ΕΤ
631 999 823 1055 COLUMBA.
899 1059 907 1067 N
974 1017 978 1036 ¹

150 1089 293 1151 Formica
314 1089 420 1151 sitiens
440 1089 473 1155 in
494 1088 611 1151 fontem
632 1109 665 1152 se
694 1089 868 1166 demiserat,
895 1089 950 1153 sed
971 1091 1060 1154 undis

108 1169 213 1234 ablata
227 1173 372 1236 veniebat
383 1173 447 1256 jam
461 1171 493 1234 in
508 1173 680 1254 periculum
693 1195 733 1236 ne
749 1173 963 1239 suffocaretur.

150 1255 222 1318 Hoc
244 1257 391 1319 columba
404 1277 545 1332 cernane,
559 1257 599 1319 de
624 1256 732 1320 arbore
746 1258 920 1320 detractum
942 1269 1060 1322 ramum

107 1340 140 1402 in
168 1361 263 1435 aquas
296 1340 422 1424 abjecit,
444 1341 495 1402 cui
530 1340 745 1404 adhaerescens
774 1341 903 1406 formica
930 1353 1060 1406 mortem

108 1435 246 1572 evdsdiild
275 1509 344 1592 post
365 1507 453 1571 affuit
482 1529 607 1590 auceps,
630 1519 663 1571 et
684 1501 884 1572 aiundinibus
905 1509 1061 1592 dispositis

108 1593 262 1656 columbae
277 1593 413 1656 insidiari
429 1592 546 1674 coepit3
567 1593 618 1654 cui
640 1604 781 1656 metuens
803 1594 932 1678 formica
946 1594 985 1656 ad
1007 1615 1061 1657 au·

108 1699 221 1759 copem
250 1677 387 1760 arrepsit,
409 1687 442 1740 et
469 1676 513 1738 ita
533 1676 732 1740 vehementer
752 1677 839 1740 illum
862 1679 1005 1761 pupugit,
1026 1689 1062 1742 ut

91 1761 272 1824 *arundines
287 1782 350 1842 prae
365 1761 472 1822 dolore
493 1759 647 1843 abjiceret
652 1784 662 1840 ;
684 1771 777 1842 atque
802 1761 911 1825 hanun
932 1761 1061 1846 strepitu

16 1887 18 1892 -
107 1845 212 1908 territa
226 1844 373 1908 columba
387 1844 529 1920 avolavit,
544 1863 581 1906 ac
596 1843 771 1926 pericuhun
783 1846 900 1909 vitavit.

581 1950 612 2004 4.

329 1949 602 2098 cranouaards
633 2043 682 2098 uu
712 2043 848 2100 sunno

149 2133 348 2196 Conduxerat
380 2131 526 2212 perquam
558 2129 709 2212 spatiosas
731 2132 815 2193 sedes
832 2131 1061 2212 carbonarium

108 2219 212 2298 itaque
235 2217 343 2279 invitat
364 2213 524 2290 fullonem,
546 2215 704 2297 angustids
725 2215 927 2292 habitantem,
953 2215 999 2278 uti
1020 2217 1060 2285 ad

108 2323 142 2366 se
157 2301 350 2384 commigret.
444 2291 452 2312 ”
548 2371 554 2378 .

151 2385 288 2470 Negavit
301 2384 377 2448 fullo
392 2383 450 2446 sibi
472 2381 533 2446 hoc
557 2381 733 2446 faciendum
745 2405 754 2462 3
775 2382 863 2452 Quid
877 2383 961 2470 enim
974 2403 1061 2458 com-

108 2471 226 2548 mercii,
254 2469 363 2552 inquit,
385 2469 464 2531 inter
493 2488 550 2528 nos
572 2487 639 2528 esse
662 2478 775 2548 posset,
797 2467 882 2544 chmp
906 2489 977 2549 quae
999 2487 1063 2552 ego

109 2553 185 2616 forta
201 2553 335 2616 eluendo
350 2553 449 2618 nitida
470 2551 680 2628 reddidissem,
702 2571 741 2614 ea
760 2562 793 2614 tu
808 2551 937 2635 fuligine
951 2563 985 2618 et
997 2571 1062 2616 ma·
1122 2583 1126 2590 ·

108 2636 188 2700 culis
201 2633 347 2718 raphanos·
560 2724 597 2782 15
702 2729 705 2738 .

468 2819 713 2874 PISCATORES.

152 2893 230 2954 Cium
244 2891 490 2972 piscatores,'diu
511 2890 701 2969 multumque
722 2889 894 2972 defatigati,
908 2889 985 2956 nihil
1006 2911 1060 2955 ca·

110 2999 183 3060 pere
212 2975 391 3060 potuissent,
420 2975 542 3057 perdita
564 2973 793 3056 operatrices
814 2975 941 3042 domum
962 2975 1062 3042 redire

133 3073 229 3124 arant.
685 3087 688 3092 ·

110 3083 131 3142 p
152 3147 235 3208 Tum
254 3144 293 3207 de
318 3143 483 3225 improviso
497 3143 639 3224 thynnus,
655 3142 695 3203 ab
709 3141 777 3204 aliis
799 3141 937 3223 piscibus
959 3165 1063 3227 perse-

111 3241 211 3307 cume,
234 3228 367 3314 saltu'in
388 3227 548 3310 navigium
569 3226 691 3296 illorum
713 3247 746 3290 se
768 3226 874 3308 dedit3
896 3248 958 3308 quo
972 3227 1062 3310 potiti

110 3334 182 3376 cum
197 3313 303 3394 praedd
317 3324 350 3374 et
364 3311 472 3394 laetitid
487 3310 601 3374 abiere.

142 3448 155 3472 t
164 3443 248 3492 Thess
259 3445 340 3494 words
351 3460 392 3494 are
405 3447 466 3495 used
476 3444 503 3492 in
513 3443 556 3491 the
572 3457 644 3490 sense
661 3442 691 3490 cf
705 3443 747 3491 the
767 3441 897 3508 imperfect
915 3442 1062 3499 indicativo·

86 3563 91 3576 .
111 3507 157 3554 viz.
170 3506 389 3568 circumspiciebat,
395 3507 512 3570 panchat,
524 3505 674 3570 accingebat.

1209 3501 1217 3532 i
