2492 4038
612 207 660 278 55

208 385 297 532 'llfivlnc
323 386 399 452 forte
418 388 525 452 messis
545 398 773 452 maturuerat:
794 384 837 454 ita
858 386 950 453 facile
972 387 1106 454 incendi·

167 491 217 532 um
264 483 299 534 11.

197 555 323 620 *Omnes
346 567 478 640 segetes,
493 555 591 620 vineae
606 567 639 620 et
652 556 743 635 oleae,
757 567 873 620 exustae
888 569 968 634 sunt,
978 578 1038 622 uec
1053 557 1111 620 iui-

55 701 58 710 ,
165 638 276 702 micam
289 652 417 725 gentem
431 641 520 704 variis
535 641 739 704 incommodis
753 662 863 704 vexare
877 641 1004 704 destitit.

206 723 351 789 Traditus
374 725 548 801 philistaeis,
573 725 655 806 rupit
674 725 807 801 vincula,
830 725 942 807 quibus
962 726 1111 789 constric-

133 844 141 850 -
165 816 212 868 tus
227 807 334 886 fuerat,
349 819 382 872 et
403 809 524 890 arreptis
542 809 666 871 maxilld
687 809 774 886 asini,
797 809 859 872 hoc
874 807 948 885 telo,
963 809 1045 891 quod
1059 831 1111 873 ca·

164 912 215 954 sus
228 893 365 971 dederat,
378 893 463 956 mille
478 893 611 956 hostium
626 893 797 975 prostravit.

597 1041 666 1097 100.

204 1158 351 1229 Quddam
364 1159 416 1223 die
431 1159 561 1223 Samson
580 1159 687 1221 urbem
709 1158 933 1222 Philistaeorum
955 1160 1110 1244 ingressus

161 1253 217 1318 est,
232 1244 337 1324 ibique
352 1253 586 1324 pernoctaturus
600 1243 769 1306 videbatur.

123 1355 129 1362 ·
179 1351 182 1354 ·
204 1327 363 1402 Philistaei,
378 1327 574 1421 occasionem
595 1337 765 1410 captantes,
781 1337 885 1411 portas
899 1327 1033 1392 obserari
1045 1329 1109 1414 jus-

160 1419 277 1485 serunt,
291 1431 331 1472 ne
346 1431 414 1490 qurs
426 1411 533 1472 exiret.
630 1449 635 1462 ·

202 1493 263 1556 Per
277 1503 374 1556 totam
398 1503 524 1555 noctem
545 1492 769 1573 exspectabant
782 1494 917 1571 silentes,
931 1505 966 1557 ut
987 1495 1111 1560 Samso-

159 1597 231 1640 uem
245 1578 337 1640 mane
353 1586 519 1640 exeuntem
534 1575 753 1638 interficerent.

202 1661 245 1723 At
270 1661 401 1724 Samson
425 1660 529 1723 medid
550 1669 643 1722 nocte
659 1659 797 1737 surrexit,
811 1661 956 1744 venitque
979 1663 1018 1728 ad
1040 1685 1110 1748 por·

160 1754 223 1808 tam
250 1745 343 1822 urbis,
372 1765 476 1826 quam,
500 1765 595 1827 quum
619 1744 786 1808 invenisset
808 1744 955 1823 clausam,
976 1747 1109 1813 humeris

160 1828 280 1891 sustulit
294 1850 366 1891 cum
380 1829 520 1912 postibus
533 1840 567 1893 et
580 1829 665 1906 seris,
680 1839 773 1912 atque
788 1830 821 1893 in
835 1830 982 1895 verticem
995 1833 1109 1896 montis

160 1911 253 1975 vicini
268 1913 467 1996 supportavit.

597 2043 666 2100 101.

203 2163 344 2227 Tandem
365 2161 523 2240 Philistaei,
551 2159 604 2241 qui
637 2161 818 2224 Samsonem
846 2162 1109 2245 comprehendere

159 2247 369 2327 nequiverant,
384 2245 466 2308 illius
480 2264 606 2310 uxorem
627 2244 761 2327 pecunia
781 2257 994 2330 corruperunt,
1015 2257 1051 2311 ut
1070 2268 1110 2312 ea

160 2330 257 2394 virum
272 2331 425 2412 proderet.

201 2414 314 2476 Mulier
328 2413 393 2475 viro
407 2412 559 2494 persuasit
572 2421 607 2474 ut
621 2411 679 2473 sibi
701 2413 855 2476 indicaret
874 2434 1001 2477 causam
1014 2423 1108 2477 tantae

123 2566 127 2572 ,
159 2497 299 2574 virtutis3
320 2507 362 2571 et,
383 2495 437 2556 ubi
452 2495 577 2557 rescivit
589 2494 674 2556 vires,
682 2496 748 2578 ejus
763 2497 795 2558 in
808 2495 930 2579 capillis
944 2497 1017 2560 sitas
1031 2518 1107 2576 esse,

159 2591 259 2726 capiupl
286 2577 466 2642 dormientis
494 2576 636 2652 totondit,
659 2586 751 2660 atque
775 2578 819 2642 ita
846 2599 917 2643 eum
945 2579 1107 2647 Philistaeis

159 2675 206 2728 tra
228 2665 237 2725 i
261 2663 293 2726 it.

200 2748 260 2824 Illi,
271 2746 390 2810 effossis
404 2745 513 2822 oculis,
527 2745 665 2809 vinctum
679 2747 712 2810 in
722 2767 880 2812 carcerem
893 2748 1105 2833 conjecerunt,

158 2831 272 2912 diuque
287 2831 421 2894 ludibrio
434 2829 619 2894 habuerunt.
794 2895 798 2904 ,
1131 2881 1133 2888 ,

200 2915 264 2978 Sed
274 2915 386 2996 ‚spatio
409 2913 555 2996 temporis
574 2913 666 2977 crinis
681 2913 802 2978 accisus
815 2935 966 2993 crescere,
980 2925 1014 2979 et
1033 2933 1106 2976 cum

155 2999 243 3062 ‘crine
265 2998 359 3060 virtus
383 2997 493 3073 redire,
517 2996 635 3077 coepit;
662 2997 787 3081 jamque
810 2999 941 3063 Samson
962 2995 1106 3061 conscius

158 3080 278 3164 recepti
292 3081 409 3144 roboris
420 3081 511 3165 justae
526 3079 651 3144 ultionis
665 3093 786 3166 tempus
800 3083 1030 3167 opperiebatur.

594 3209 665 3268 102.

200 3324 275 3388 Erat
288 3323 452 3386 Philistaeis
472 3345 548 3401 mos,
563 3344 658 3405 quum
678 3324 746 3388 dies
768 3323 862 3386 festos
876 3327 1014 3404 agerent,
1035 3341 1105 3406 pro-

9 3417 14 3425 '
113 3467 124 3476 .
158 3409 272 3472 ducere
303 3409 484 3472 samsonem
508 3407 598 3491 quasi
617 3409 649 3472 in
671 3427 818 3493 pompam
838 3403 1007 3487 publicam,
1031 3427 1105 3490 cap-

57 3563 64 3574 ,
160 3501 252 3574 toque
267 3491 423 3583 insultare.
668 3507 672 3515 ’
