2472 4038
550 289 555 296 '
607 280 668 348 101

194 457 313 520 Codrus
333 457 574 521 Atheniensium
595 479 659 535 rex,
680 459 762 537 cum,
786 460 818 524 in
845 461 931 526 bello
952 462 1105 545 Pelopon·

150 541 287 616 nesiaco,
313 542 354 604 ab
382 541 510 604 oraculo
532 563 714 624 responsum
736 545 927 627 accepisset:
953 547 1106 610 Vestae·

148 623 222 769 {ore
231 634 356 708 gentem,
370 623 449 709 crpus
457 626 593 720 princeps
607 625 681 688 bello
693 627 815 724 periret,
829 641 1002 726 permutato
1022 629 1106 714 regis
1161 627 1164 633 ’
1220 651 1221 656 ’

171 708 270 784 abitu,
292 718 325 770 et
346 729 522 791 gregarium
543 731 576 773 se
599 710 721 793 fingens
742 711 884 789 mrlrtem,
908 712 1047 778 hortibus
1070 733 1105 776 se

45 845 51 864 ,
148 792 360 856 occidendum
373 791 516 875 praebuit.

579 956 681 1010 vtTn.

193 1058 363 1128 Quomodt')
385 1057 500 1134 fabule,
521 1057 567 1120 sic
588 1057 659 1135 vini,
672 1078 736 1122 nou
757 1059 850 1141 quam
867 1058 932 1138 diu,
945 1059 1001 1125 sed
1015 1062 1106 1143 quim

149 1143 235 1207 bene
250 1153 323 1204 acta
336 1143 385 1219 sit,
399 1141 503 1205 refert.

196 1226 374 1308 Optabilicr
395 1236 443 1290 est
471 1225 534 1288 vita
562 1226 696 1288 obseura
716 1247 790 1289 cum
813 1227 988 1305 securitate,
1013 1230 1107 1312 quan

153 1332 230 1374 cum
243 1309 381 1391 periculo
395 1309 566 1392 splendida.

199 1393 285 1456 Inter
298 1404 410 1458 caetera
432 1393 523 1470 mala,
545 1392 606 1456 hcc
630 1393 726 1457 habet
746 1395 899 1459 stultitia:
920 1417 1042 1479 semper
1062 1397 1107 1460 vi-

130 1549 136 1555 ,
153 1499 226 1542 vere
241 1477 362 1559 incipit.

195 1561 287 1632 Nihil
302 1571 350 1624 est
365 1571 428 1624 tam
443 1559 535 1624 fallax
549 1561 640 1642 quim
654 1563 718 1625 vita
732 1561 877 1626 humana.
1099 1631 1115 1642 ,

194 1647 246 1710 Ad
260 1655 392 1708 mortem
406 1644 473 1707 dies
487 1645 611 1709 accedit
624 1647 742 1710 omnis:
763 1647 836 1710 ideo
850 1648 970 1710 animus
984 1648 1106 1727 nobilis,

152 1730 297 1794 conscius
318 1729 376 1791 sibi
398 1729 533 1792 melioris
554 1740 682 1807 naturae,
710 1731 765 1793 dat
786 1752 914 1813 operam
935 1743 969 1796 ut
990 1733 1022 1796 in
1047 1731 1106 1796 hnc

153 1813 437 1894 stationehoneste
453 1835 486 1876 se
500 1824 609 1896 gerat3
629 1814 707 1877 nihil
728 1815 838 1878 horum
862 1836 933 1896 quoe
954 1818 1039 1882 circa
1060 1816 1106 1900 ip-

153 1919 222 1962 sum
236 1907 307 1961 sunt
321 1917 409 1960 suum
421 1896 551 1980 judicet,
566 1899 621 1962 sed
635 1909 670 1962 ut
683 1899 887 1964 commodatis
900 1899 1005 1996 utitup.

582 2074 678 2129 SPES.

198 2165 286 2230 Nihil
300 2165 428 2249 perinde
443 2165 579 2228 animum
604 2173 756 2230 sustentat
767 2221 769 2225 ,
779 2175 874 2248 etque
893 2187 964 2250 spes
978 2165 1060 2244 laeta,
1074 2177 1108 2232 et

155 2251 305 2314 benorum
319 2250 505 2333 expectatio.

197 2335 265 2412 Illa,
279 2357 349 2416 quae
369 2335 508 2418 jucunda
522 2345 602 2411 sunt,
617 2333 692 2398 lieet
705 2333 843 2398 nondum
857 2336 959 2399 adsint
973 2355 1108 2418 praesen·

155 2419 208 2496 tia,
224 2439 277 2500 spe
293 2430 398 2480 tamen
413 2418 582 2480 delectant.
1103 2481 1109 2488 ,

200 2503 288 2583 Spes,
309 2501 466 2563 felicitatis
479 2500 597 2564 blanda
614 2502 800 2583 expectatio,
815 2503 882 2566 sola
897 2502 1054 2568 hominem
1074 2505 1107 2569 iu

128 2621 133 2628 f
156 2585 286 2649 miseriis
302 2583 458 2647 consolari
473 2593 585 2666 potest.

198 2671 276 2732 Cum
298 2669 421 2732 fortuna
441 2667 584 2746 minatur,
613 2668 731 2732 sortiter
758 2671 890 2754 teipsum
921 2673 1046 2752 sustine,
1068 2695 1106 2737 uc
1220 2669 1221 2676 '

70 2828 74 2836 ¹
155 2778 204 2820 res
226 2753 377 2824 secundas
407 2763 549 2834 expecta,
580 2775 641 2818 nec
671 2753 800 2838 abjicias
822 2777 919 2838 spem,
941 2778 1011 2840 quae
1039 2757 1109 2820 sola
1220 2781 1221 2808 a

155 2861 214 2904 nec
228 2839 410 2902 morientem
425 2836 580 2918 relinquit.

197 2920 371 3006 Aristippus
403 2920 614 3003 philosophus,
635 2922 799 3005 naufragio
830 2924 960 3009 ejectus,
989 2922 1108 2986 emissis

155 3007 308 3082 omnibus,
323 3006 394 3066 crim
407 3004 534 3067 vidisset
555 3005 587 3068 in
610 3007 704 3068 arent
725 3007 839 3090 figuras
861 3008 1011 3090 quasdam
1032 3023 1110 3086 gec-

155 3089 310 3164 metricas,
338 3087 426 3150 hilari
450 3087 538 3151 vultu
559 3088 748 3154 exclamtsse
770 3091 905 3170 dieitur;
939 3089 1022 3153 Bene
1044 3109 1108 3170 spe-

156 3174 281 3238 randum
295 3171 402 3249 endas
416 3171 490 3235 enim
503 3172 647 3236 hominum
661 3175 780 3261 setiger
794 3176 942 3240 cernimus.

452 3341 455 3353 ν
552 3315 724 3374 NATURA.

198 3408 351 3472 Naturam
366 3387 565 3486 sequentibus
579 3409 683 3472 omnia
697 3409 802 3470 facilia
820 3415 939 3469 suntet
949 3405 1109 3490 jucunda·

156 3503 264 3557 eontra
278 3489 364 3553 illam
378 3489 551 3555 viventibus
573 3511 637 3556 non
662 3492 724 3555 alia
745 3492 808 3554 vita
821 3500 877 3569 est,
893 3491 985 3574 quim
999 3504 1109 3558 contra
1217 3529 1221 3542 «

157 3578 271 3642 flumen
285 3573 512 3720 navigangitpus
