2472 4038
586 261 656 328 106

184 437 268 502 Deus
292 448 340 502 est
363 457 452 500 mens
473 436 652 500 immortalis
663 459 673 515 ;
704 436 828 518 spiritus
849 445 965 500 cuneta
986 455 1096 520 perra*

125 521 241 602 ‚dens5
263 521 394 605 pervigil
408 520 539 599 oculus;
559 541 668 582 manus
682 520 887 602 omnipotens.

182 706 220 769 In
234 707 350 790 pietate
365 708 524 790 praecipua
538 727 608 789 pars
623 705 780 769 felicitatis
794 706 852 770 sita
866 716 923 770 est.

91 823 125 862 „n
184 789 304 854 Primus
327 803 375 855 est
396 791 456 854 Dei
480 790 592 865 cultus,
606 789 708 852 Deum
733 790 870 853 credere.
915 789 1049 852 Munera
1063 799 1097 854 et

140 873 275 938 viotimae
299 875 375 938 nihil
394 874 518 937 honoris
542 873 612 936 Deo
634 873 819 953 conferunt,
839 873 938 938 honor
958 893 1097 936 summus

141 956 212 1020 Deo
225 968 283 1038 est,
297 959 375 1020 scire
389 978 462 1022 eum
475 968 508 1020 et
522 956 645 1020 imitari.

185 1041 310 1122 Optime
326 1041 428 1104 Deum
446 1041 587 1117 honorat,
602 1041 655 1121 qui
679 1050 816 1106 mentem
836 1061 933 1118 suam,
947 1050 1097 1122 quantum

141 1123 208 1186 lieri
223 1135 334 1206 potest,
349 1125 480 1190 similem
495 1125 565 1188 Deo
579 1123 664 1187 facit.

183 1207 256 1270 Non
271 1208 410 1291 linguam
434 1208 488 1272 sed
509 1228 605 1290 opera
629 1208 714 1271 Deus
737 1210 894 1294 praecipue
917 1217 1026 1288 curat3
1046 1228 1096 1272 sa·

141 1292 240 1376 piens,
254 1292 350 1356 etiam
364 1294 436 1356 clun
450 1303 545 1368 tacet,
559 1291 661 1354 Deum
674 1290 814 1356 honorat.

183 1377 339 1522 Socraltlpr,
353 1376 496 1440 humanae
521 1375 682 1457 sapientie
707 1376 795 1458 quasi
816 1376 972 1458 quoddam
985 1385 1095 1472 terres-

141 1471 188 1525 tre
203 1481 276 1524 orae
311 1481 383 1523 um·

184 1543 275 1608 Nihil
299 1507 384 1608 altra,
396 1545 552 1630 petattdam
565 1566 585 1606 a
606 1543 663 1607 diis
686 1543 900 1622 immortalilm,
924 1543 1096 1607 arbitraba-

141 1643 201 1706 tur,
215 1629 300 1714 qutim
314 1638 346 1690 ut
359 1627 435 1692 bona
449 1629 621 1692 tribuerent:
643 1628 713 1713 quia
733 1630 757 1691 ii
779 1629 890 1692 demum
902 1627 1005 1692 scirent
1018 1628 1097 1712 quod

141 1713 294 1798 unicuique
318 1723 386 1774 erret
408 1712 500 1788 utile3
525 1735 578 1774 nor
599 1722 692 1775 autem
733 1712 877 1799 letumque
897 1711 931 1775 id
953 1711 1027 1776 votis
1047 1733 1096 1774 aa·

52 1793 55 1800 '
138 1806 243 1881 petere,
258 1795 338 1880 quod
349 1817 409 1858 noa
421 1796 574 1880 impetrare
587 1735 781 1880 melitajirat.

409 1931 416 1939 ·
500 1907 737 1964 PAUPERTM.

184 1977 251 2048 Qui
273 1999 344 2043 cum
368 1989 550 2062 paupertate
572 1980 654 2042 bene
676 1979 823 2044 convenit
843 1979 929 2044 dives
943 1989 1012 2043 est:
1032 1999 1096 2044 non

142 2063 195 2146 qui
210 2085 317 2146 partun
332 2062 436 2140 habet,
451 2063 506 2125 sed
520 2063 574 2144 qui
589 2063 657 2146 plius
671 2063 767 2146 cupit,
781 2085 900 2148 pauper
913 2075 971 2128 est.

185 2147 355 2231 Paupertas
369 2147 466 2230 primi
479 2147 579 2212 fronte
603 2147 703 2231 rigida
717 2158 765 2212 est
786 2169 824 2211 ae
847 2148 1009 2225 subtristis,
1024 2148 1097 2212 erim

141 2232 267 2295 domum
282 2242 418 2295 nostram
432 2231 570 2310 invadit3
591 2243 625 2294 at
645 2233 715 2294 oum
739 2231 771 2294 in
786 2230 1024 2294 familiaritatem
1041 2232 1097 2295 ad-

142 2316 235 2380 missa
250 2316 350 2393 fuerit,
365 2326 397 2380 et
409 2314 534 2378 minimi²
549 2317 737 2396 sumptuosa,
752 2327 785 2378 et
804 2335 923 2392 secura,
937 2325 970 2378 et
994 2314 1098 2378 facilis

142 2399 199 2464 hos
240 2401 337 2464 serit.

185 2423 272 2548 llihil
297 2483 418 2561 amittit,
442 2482 495 2564 qui
516 2482 593 2546 nihil
615 2483 731 2563 habet3
751 2492 785 2546 et
806 2503 915 2566 parum
935 2492 1020 2567 eget,
1042 2482 1095 2565 qui

142 2587 251 2649 parum
266 2569 363 2650 cupit.

156 2733 163 2746 ·
184 2651 265 2714 Ama
278 2653 377 2734 magis
388 2652 501 2736 justam
516 2661 739 2735 paupertatem,
754 2651 996 2735 quim.,injustas
1017 2650 1094 2714 divi·

141 2745 211 2797 tras.

186 2817 275 2881 Scire
289 2817 334 2880 uti
349 2827 530 2900 paupertate
544 2836 659 2898 magna
673 2826 721 2879 est
735 2815 877 2880 felicitas.

185 2903 340 2978 Socrates,
353 2901 386 2964 in
400 2900 513 2985 pompa
527 2901 598 2964 cum
622 2920 737 2984 magna
758 2901 804 2963 vis
827 2902 893 2966 auri
908 2903 1092 2988 argentique

141 2989 289 3066 ferretur;
315 2983 411 3070 Quam
424 2983 513 3048 multa
527 3007 585 3048 aon
599 2984 738 3062 desidero,
753 2985 864 3068 inquit.

184 3127 219 3191 Si
234 3115 410 3189 nihil'aliud
434 3143 541 3187 seeum
555 3123 680 3188 afferret
703 3136 878 3208 paupertas,
893 3128 986 3210 quim
1010 3130 1094 3211 qubd

141 3211 285 3276 fictorum
299 3209 468 3274 amicorum
490 3219 523 3271 et
546 3208 704 3273 fallacium
728 3210 877 3293 gregibus
901 3213 1093 3276 adulantium

141 3305 172 3358 te
188 3295 308 3371 liberat,
332 3293 455 3358 abunde
477 3301 561 3356 esset
582 3313 687 3371 causa,
708 3304 743 3356 ut
766 3315 829 3358 non
850 3297 942 3360 modb
964 3295 1094 3359 ferenda

141 3388 232 3454 esset,
247 3379 302 3441 sed
316 3378 461 3461 optanda,
476 3375 538 3438 imo
552 3375 647 3440 etiam
661 3379 853 3442 accersenda
865 3379 1038 3462 pauperies.
1182 3455 1185 3460 1

184 3461 227 3521 Ut
240 3461 407 3524 honoribus
421 3460 578 3524 hominum
601 3482 703 3524 mores
720 3481 788 3542 ,non
811 3463 879 3528 rarb
892 3483 1095 3547 corrumpun-

140 3549 211 3617 tur;
232 3541 276 3602 ita
290 3556 473 3624 paupertate
488 3565 572 3630 saepe
586 3545 798 3611 emendantur.
917 3611 918 3614 ,
