2472 4038
574 238 644 308 146

169 416 228 482 Pu.
252 417 372 482 lllicme
383 417 470 482 luxus
480 417 659 492 offendebat,
670 430 701 478 et
713 415 941 479 concubinarum
955 415 1096 497 insamia;

127 515 190 564 tum
205 502 284 587 qudd
298 502 432 586 plerique
446 501 526 564 istius
540 501 653 584 generis
665 501 755 562 odere
770 501 886 562 litteras.

168 585 229 648 Eu.
255 587 323 670 Ego
337 607 397 648 non
411 598 515 668 specto
534 583 601 667 quid
618 597 703 666 agant
729 584 785 660 alii,
800 584 858 645 sed
870 585 940 668 quid
962 585 1033 646 mihi
1056 585 1096 647 sit

127 671 274 751 agendum
283 693 293 748 ;
315 684 345 732 et
366 669 532 730 melioribus
553 688 601 730 me
625 666 761 750 adjungo,
775 667 800 728 si
814 689 872 730 non
887 689 1007 751 possum
1022 669 1095 731 alios

126 753 262 816 meliores
276 754 410 815 reddere.

168 835 228 898 Po.
253 835 288 898 In
302 838 355 898 isto
369 855 477 917 genere
491 833 588 896 vixisti
602 833 764 916 perpetuo?

168 918 230 980 Eu.
254 917 413 1002 Perpetuo,
427 917 482 980 nisi
495 917 575 1000 quod
588 917 703 978 interim
725 929 847 1000 quatuor
861 938 951 980 annos
964 919 1094 1002 primum

127 1003 174 1084 egi
189 1003 313 1066 Patavii.

168 1085 226 1147 Po.
251 1085 354 1157 Quam
368 1085 406 1146 ob
421 1083 505 1146 rem?
701 1145 708 1160 ,

167 1167 229 1230 Eu.
253 1167 318 1230 Hos
333 1189 423 1230 annos
437 1168 479 1228 ita
492 1166 613 1249 partitus
628 1187 693 1228 sum
714 1179 747 1228 ut
769 1165 975 1250 sesquiannum
989 1168 1095 1232 darem

126 1252 221 1314 studio
236 1251 399 1327 medicine,
413 1251 558 1333 reliquum
572 1263 688 1332 tempus
702 1251 865 1334 theologie.

168 1335 229 1397 Po.
252 1334 317 1396 Cur
330 1334 383 1396 id?

168 1417 230 1480 Eu.
254 1417 328 1490 Quo
352 1417 456 1479 melius
478 1429 509 1479 et
534 1415 662 1478 animum
687 1430 717 1479 et
742 1437 848 1499 corpus
873 1438 973 1479 meum
987 1417 1094 1480 mode-

128 1523 217 1578 rarer,
241 1523 449 1585 nonnunquam
463 1514 494 1562 et
507 1499 607 1562 amicis
628 1499 820 1562 consulerem.
865 1499 946 1562 Nam
969 1514 999 1561 et
1019 1522 1094 1562 con-

127 1587 228 1648 ciouor
249 1604 457 1667 nonnunquam
485 1605 538 1667 pro
566 1581 635 1644 mei
667 1581 816 1666 sapientiai.
876 1583 926 1645 Sic
950 1584 1094 1644 hactenus

127 1669 195 1730 satis
216 1666 370 1750 tranquille
392 1667 451 1729 vixi
475 1679 628 1728 contentus
652 1667 739 1728 unico
752 1666 925 1743 sacerdotio,
940 1688 996 1728 nec
1018 1687 1095 1748 prae-

128 1764 209 1812 terea
224 1751 382 1833 quidquam
404 1749 544 1824 ambiens,
566 1763 749 1810 recreaturus
764 1749 863 1826 etiam,
877 1749 901 1810 si
915 1751 1059 1811 offeratur.

171 1833 230 1896 Po.
255 1832 374 1894 Utinam
388 1832 490 1894 liceret
505 1832 627 1906 discere,
642 1833 713 1913 quid
727 1846 812 1914 agant
826 1833 922 1896 caeteri
936 1834 1025 1896 nostri
1043 1853 1095 1896 so-

129 1917 221 1991 dales,
236 1916 410 1998 quibuscum
423 1929 486 1977 tum
500 1913 675 1978 familiariter
689 1915 835 1978 vixirnus?

171 1998 233 2062 Eu.
257 1998 307 2061 De
328 1998 471 2060 nonnullis
485 2019 602 2082 possum
616 2019 846 2062 commemorare
861 1998 994 2083 quedam
1003 2021 1013 2078 ;
1034 1999 1091 2061 sed

128 2083 216 2146 video
230 2103 282 2144 nos
296 2104 354 2146 uon
376 2083 479 2166 procul
493 2081 594 2144 abesse
617 2101 636 2144 a
655 2082 790 2159 civitate3
813 2105 913 2166 quare,
928 2082 1093 2160 si'videtur,

128 2167 337 2240 conveniemus
359 2167 389 2228 in
417 2165 495 2228 idem
518 2165 726 2244 diversorium3
754 2166 792 2229 ibi
806 2188 859 2251 per
873 2167 963 2230 otium
978 2167 1015 2229 de
1033 2187 1094 2229 cae·

129 2250 197 2338 teris
211 2249 394 2314 conferemus
409 2250 527 2312 affatim.

532 2503 616 2559 GOL.
640 2503 690 2558 IX.

302 2607 321 2646 ¹*
459 2641 572 2700 annus,
595 2643 762 2686 rumonus.

170 2742 276 2809 Aulus
299 2744 401 2808 Deum
411 2747 622 2812 immortalem!
640 2748 728 2832 quam
739 2770 858 2832 gravem
869 2751 982 2815 vultum
992 2765 1094 2816 noster

71 2875 72 2878 ,
128 2827 272 2893 Phaedrus
287 2841 318 2890 et
332 2829 454 2891 subinde
469 2831 498 2892 in
511 2831 621 2894 coelum
636 2832 772 2916 suspicit!
796 2834 927 2915 adoriar3
956 2836 1026 2919 quid
1041 2853 1094 2899 ac-

128 2913 199 2977 cidit
212 2933 294 2976 novae
309 2912 360 2988 rei,
376 2911 520 2976 Phaedre?

171 2994 328 3059 Phaedram.
353 2993 455 3069 Quam
470 2997 508 3060 ob
522 3019 584 3061 rem
599 2997 675 3060 istud
689 2999 857 3082 interrogas,
871 3001 952 3063 Aule
966 3003 977 3064 l

171 3078 215 3142 Α.
239 3077 389 3152 Quoniam
404 3100 422 3141 e
438 3079 565 3150 Phaedro
579 3082 651 3144 mihi
665 3083 769 3146 videris
783 3082 878 3146 factus
892 3083 991 3162 Cato;
1013 3097 1095 3147 tanta

129 3177 174 3228 est
188 3163 217 3225 in
233 3164 312 3226 vultu
327 3163 473 3226 severitas.

171 3247 211 3310 P.
235 3245 306 3311 Nou
320 3247 434 3323 mirum,
449 3247 554 3326 amice,
586 3249 676 3312 modo
698 3249 848 3314 consessus
879 3273 944 3314 sum
963 3263 1094 3336 peccata

128 3352 204 3394 mea.

169 3413 213 3477 Α.
238 3412 307 3496 Phy
318 3416 325 3476 !
336 3413 399 3498 jam
414 3415 515 3478 desino
528 3416 634 3492 mirari,
649 3416 701 3480 sed
716 3417 763 3482 dic
777 3438 832 3502 age
845 3417 924 3482 bont
937 3419 1006 3496 fide,
1020 3440 1095 3484 con·

128 3496 221 3559 fessus
236 3516 268 3556 es
281 3500 400 3560 omma?

102 3606 103 3610 =
171 3577 210 3639 P.
234 3577 343 3640 Omnia
368 3602 432 3662 qua
455 3583 573 3666 quidem
599 3583 627 3646 in
651 3598 782 3648 mentem
816 3587 978 3664 veniebant,
1005 3587 1095 3651 unico

129 3661 269 3726 duntaxat
284 3677 418 3744 excepto.
