2492 4038
649 243 720 327 37,

239 417 297 480 Cui
325 419 433 482 fratres
463 420 696 503 responderunt,
724 419 898 500 *quorsum
920 429 1064 502 spectant
1085 421 1145 484 ista

188 502 444 648 fflgpiiugpm
468 515 502 566 tu
522 505 583 567 eris
603 525 657 568 rex
678 503 805 566 noster?
837 505 925 566 Num
945 503 1144 602 subjiciemur

222 667 359 732 ¹Fratres
386 636 481 752 igitur
502 671 681 736 invidebant
702 670 752 738 eir
780 681 813 733 at
833 681 923 752 pater
943 691 1007 734 rem
1028 670 1142 734 tacitus

197 753 425 816 considerabat.

644 863 693 920 40.

238 954 383 1024 Quadam
396 956 448 1018 die
463 977 559 1037 quum
573 958 680 1020 fratres
701 957 827 1040 Josephi
851 968 1016 1039 pascerent
1032 979 1144 1041 greges

148 1105 155 1114 ,
195 1038 314 1119 procul,
329 1039 394 1120 ipse
409 1051 598 1105 remanserat
611 1041 705 1102 domi.
750 1041 887 1104 Jacobus
912 1041 995 1103 misit
1010 1061 1082 1105 eum
1103 1041 1143 1103 ad

195 1121 312 1198 fratres,
326 1133 361 1184 ut
374 1123 468 1186 sciret
482 1124 636 1204 quomodo
651 1145 684 1186 se
699 1123 859 1186 heberent.

237 1205 313 1281 Qui,
327 1206 467 1269 videntes
482 1207 651 1289 Josephum
665 1207 850 1284 venientem,
866 1207 1029 1270 consilium
1049 1227 1144 1288 cepe·

108 1353 117 1362 ,
195 1299 267 1350 runt
280 1288 361 1350 illius
375 1291 550 1353 occidendi.

239 1371 335 1446 Ecce,
362 1363 740 1451 inquiebant-somniator
767 1375 872 1436 venit:
907 1373 1086 1436 occidamus
1107 1373 1143 1436 il·

196 1453 262 1516 lum
283 1463 316 1515 et
337 1455 533 1536 projiciamus
554 1455 586 1519 in
607 1467 755 1538 puteum:
782 1457 922 1518 dicemus
943 1457 1044 1538 patri:
1079 1456 1144 1519 scra

164 1619 166 1628 s
193 1538 353 1632 devoravit
370 1537 563 1633 Josephum.
588 1569 595 1580 ι
620 1533 712 1601 Tunc
735 1539 897 1622 apparebit
923 1540 999 1618 quid
1022 1559 1078 1602 sue
1098 1539 1143 1602 illi

195 1631 312 1704 prosmt
325 1642 454 1684 somnia.

647 1731 698 1787 41.

114 1850 119 1860 ·
234 1827 359 1904 Ruben,
372 1827 426 1908 qui
446 1837 513 1890 erat
527 1837 601 1889 natu
621 1827 783 1904 maximus,
796 1825 973 1889 deterrebat
994 1825 1100 1890 fratres
1122 1847 1141 1888 a

52 1915 54 1920 ’
113 1931 118 1974 ·,
195 1921 281 1982 tanto
295 1910 423 1974 scelere.

236 1994 351 2071 Nolite,
386 1993 556 2075 inquiebat,
591 1993 763 2058 interficere
795 2015 948 2078 puerum:
983 2005 1032 2056 est
1058 1992 1141 2056 enirn

9 2165 10 2176 ἵ
101 2079 125 2150 ’,
195 2079 286 2141 frater
300 2087 423 2140 noster:
444 2077 588 2143 dimittite
602 2099 674 2142 eum
688 2079 789 2160 potiris
804 2081 835 2140 in
850 2079 931 2142 hanc
948 2077 1077 2140 foveam.

236 2160 385 2224 Habebat
417 2161 450 2223 in
480 2161 583 2224 animo
611 2161 741 2224 liberare
766 2161 937 2244 Josephum
968 2183 1007 2224 ex
1034 2181 1140 2226 eorum

192 2244 344 2390 manibus,
359 2255 391 2308 ct
405 2243 492 2308 illum
513 2245 672 2309 extrahere
694 2266 712 2308 e
735 2244 833 2323 soret,
848 2255 942 2326 atque
962 2245 1001 2306 ad
1023 2255 1141 2326 patrem

192 2349 225 2392 re
233 2349 354 2495 ldlsrcibrsb
362 2411 409 2476 his
423 2383 524 2475 verbis
537 2411 664 2474 deducti
679 2413 803 2474 suntad
815 2411 921 2474 mitius
935 2409 1107 2474 consilium.

645 2541 696 2596 42.

177 2653 179 2658 '
235 2640 297 2705 Ubi
320 2638 473 2722 Iosephus
497 2637 696 2720 pervenitad
721 2635 829 2700 fratres
849 2655 929 2712 suos,
943 2636 1142 2702 detraxerunt
1225 2711 1232 2722 ³

192 2725 222 2786 ei
237 2733 352 2807 togam3
367 2723 428 2804 qus
452 2722 576 2786 indutus
590 2731 667 2800 erat,
680 2731 713 2784 et
733 2721 929 2794 detruserunt
950 2741 1022 2784 eum
1042 2721 1075 2784 in
1097 2721 1141 2784 fo-

193 2828 291 2870 veam.

193 2936 198 2953 .
234 2889 355 2953 Deinde
377 2910 472 2970 quum
496 2883 710 2951 consedissent
739 2887 779 2950 ad
810 2888 993 2952 sumendum
1023 2886 1141 2960 cibum,

47 2947 49 2952 Ι
118 2995 123 3000 ·
191 2983 420 3054 conspexerunt
436 2981 625 3034 mercatores
639 2972 692 3052 qui
706 2971 856 3054 petebant
877 2969 1047 3054 AEgyptum
1069 2987 1142 3029 cum

133 3129 137 3134 ,
192 3055 320 3119 camelis
334 3055 528 3138 portantibus
542 3053 626 3116 varia
639 3065 785 3117 aromata.

235 3139 329 3202 Venit
342 3139 402 3217 illis
424 3139 456 3200 in
478 3151 614 3200 mentem
635 3137 803 3220 Josephum
824 3137 957 3200 vendere
980 3133 1041 3196 iilis
1062 3151 1142 3196 mer·

31 3219 35 3228 ’
98 3237 100 3242 ’
192 3222 363 3286 catoribus.

233 3306 301 3376 eri
323 3315 463 3369 ememnt
484 3304 653 3386 Josephum
681 3304 790 3388 viginti
812 3285 945 3367 nummis
976 3300 1140 3384 argenteis,

103 3413 107 3420 ’
191 3409 327 3473 eumque
341 3389 494 3460 duxerunt
507 3389 540 3452 in
554 3388 733 3472 AEgyptum.

385 3535 389 3546 ’
427 3545 440 3570 “
455 3543 576 3602 eorsum
586 3539 898 3606 spectant-whatmean?

451 3612 472 3666 4
561 3669 563 3674 .
