2472 4038
593 213 641 286 96

139 387 280 464 offensae.
323 396 563 462 Nobilissimum
583 396 730 460 vindictas
751 416 851 482 genus
880 406 929 462 est
959 419 1098 482 parcere,

46 555 48 564 ,
140 493 174 547 et
228 481 385 546 nefacere.

221 567 303 631 ultos
323 565 496 631 vindicisse
526 564 682 648 poenituit,
711 566 869 630 nerninem
899 567 1099 650 pepercisse:

140 652 232 716 venia
245 651 329 714 mitis
342 662 391 714 est
405 650 533 734 ingenii,
548 649 624 712 ultio
638 659 744 712 autem
758 649 858 714 ferini.
896 715 899 721 ,

183 736 277 820 Pejus
301 745 349 800 est
371 735 511 820 injurium
536 733 639 797 facere
664 735 757 815 quern
781 733 870 799 ferre.
915 734 1031 799 Melius
1051 747 1099 800 est

141 819 284 905 injuriam
298 819 442 902 accipere
456 819 548 900 quim
562 818 683 882 ulcisci.
1006 841 1012 848 ·

503 960 715 1015 FELICITAS.

140 1135 144 1142 .
182 1072 290 1136 Miseri
311 1080 384 1134 sunt
399 1091 478 1152 quus
492 1069 603 1154 vulgus
617 1069 726 1134 beatos
737 1070 867 1154 judicat,
881 1079 914 1134 et
926 1091 989 1134 non
1004 1072 1098 1152 pauci

139 1157 225 1221 beati
247 1177 325 1238 quos
348 1155 534 1220 miserrimos
562 1163 660 1236 putat.
717 1154 806 1218 Beati
831 1165 903 1218 sunt
921 1175 999 1236 quos
1020 1154 1098 1218 nulli

139 1251 240 1304 metus
261 1251 388 1317 terrent,
402 1239 497 1302 nullae
520 1237 721 1322 aegritudines
735 1241 881 1316 exedunt,
896 1237 990 1302 nullae
1006 1239 1099 1302 libid-

139 1324 207 1388 ines
221 1325 374 1388 cruciant.

183 1409 239 1472 Vir
252 1409 376 1491 sapiens
389 1417 422 1471 et
435 1407 537 1470 bonus
550 1405 740 1487 ubicumque
755 1406 865 1471 vixerit
878 1405 952 1470 felix
967 1416 1025 1469 est.

182 1492 266 1572 Rani
288 1493 353 1556 ulla
373 1493 465 1556 datur
495 1490 638 1567 felicitas,
668 1491 720 1553 cui
750 1513 813 1555 non
842 1502 890 1555 est
915 1490 1097 1575 adjunctum

140 1576 259 1659 aliquid
272 1574 473 1641 incommodi.
661 1583 664 1586 '

183 1661 312 1730 Quanti)
326 1661 425 1744 major
438 1668 486 1722 est
500 1659 632 1736 fortuna,
647 1660 733 1723 tantd
747 1659 847 1722 minias
861 1678 972 1721 secura
986 1670 1043 1724 est.

182 1736 279 1811 Nulla
310 1743 478 1808 adversitas
500 1763 572 1806 eum
593 1743 720 1827 dejecit,
742 1763 835 1824 quern
856 1742 944 1806 nulla
965 1743 1097 1808 felicitas

141 1828 320 1911 corrrunpit.
1102 1840 1104 1846 ’

126 1959 134 1969 ⁸
182 1994 347 2081 Sapienter
367 1997 511 2081 cogitant
534 1995 587 2080 qui
616 1995 807 2081 temporibus
837 1995 983 2061 secundis
1004 1997 1096 2061 'casus

139 2080 283 2146 adversos
298 2081 508 2145 reformidant.

183 2164 314 2248 Semper
329 2166 472 2229 humanae
489 2165 606 2229 laetitiae
622 2165 744 2228 tristitia
757 2164 921 2248 repentina
941 2165 1094 2242 succedit,

139 2258 172 2312 et
183 2251 270 2345 quod
291 2250 410 2346 incepit
431 2271 450 2313 a
467 2250 593 2346 gaudio,
607 2249 721 2312 desinit
735 2249 767 2312 in
788 2269 938 2313 moerore:
960 2249 1095 2313 felicitas

139 2354 255 2416 quippe
269 2333 374 2398 mulus
388 2354 498 2396 amarrs
513 2344 561 2398 est
574 2353 724 2416 respersa.

182 2417 341 2502 Plerisque
363 2417 457 2482 fatale
479 2427 527 2482 est
548 2437 705 2498 nunquam
727 2416 759 2480 in
773 2417 866 2482 rebus
887 2418 1032 2481 secundis
1045 2439 1094 2482 sa·

139 2521 349 2648 perliifficilius
370 2595 418 2649 est
438 2585 595 2649 hominem
626 2606 761 2670 reperire
786 2586 838 2668 qui
860 2605 909 2651 res
930 2585 1093 2664 secundas,

138 2667 230 2747 quam
244 2667 297 2748 qui
312 2669 455 2732 adversas
469 2671 554 2732 rectis
569 2669 656 2732 ferat.

181 2749 225 2845 llt
239 2752 391 2829 adversas,
405 2751 451 2816 sic
465 2753 618 2815 secundas
632 2773 681 2816 res
699 2747 899 2818 immoderate
915 2754 1004 2832 ferre,
1019 2753 1094 2818 levi·

138 2843 328 2983 tanSsddsrdtes
342 2919 557 3005 interrogatus,
580 2919 690 2985 Utrum
714 2921 874 2985 Persarum
895 2943 948 2985 rex
961 2941 1093 3006 magnus

138 3002 212 3067 felix
240 3014 333 3067 esset.
391 3003 512 3082 Nescio,
540 3005 650 3085 inquit,
665 3027 705 3069 aa
729 3005 857 3069 eruditus
881 3005 1010 3092 etjustas
1030 3005 1068 3070 sit
1081 3025 1102 3065 :¹

137 3088 170 3152 ira
183 3089 235 3153 lwc
248 3088 323 3154 enim
335 3087 590 3173 daminmselicitas
604 3089 739 3154 concutit.

458 3231 761 3288 TACI'I'URNITAS.

180 3339 267 3403 Nihil
281 3343 371 3423 aeque
387 3340 512 3424 prodest
536 3341 628 3423 quem
649 3340 808 3404 minimum
829 3361 902 3404 cum
916 3339 983 3404 aliis
1005 3339 1091 3422 loqui

138 3429 171 3484 et
183 3423 348 3502 plurimirm
362 3445 478 3490 secum.

180 3503 216 3568 In
230 3506 292 3572 hoc
306 3510 463 3588 incrunbe,
478 3520 513 3574 ut
536 3509 680 3575 libentius
702 3510 810 3576 audias
830 3511 921 3593 quim
943 3508 1090 3593 loquaris.
1204 3509 1205 3521 *
