2492 4038
612 199 659 272 57

208 379 271 445 Ubi
298 379 365 444 dies
392 379 501 456 illuxit,
529 399 659 462 surgens
680 399 698 441 e
720 377 838 442 lectulo
859 377 980 461 aperuit
1000 387 1123 460 oenum·

167 465 367 542 tabernaculi,
388 465 435 528 uti
463 463 569 527 facere
598 471 818 526 consueverat·
853 462 982 526 timebat
1009 473 1114 527 autem

88 615 95 625 ,
166 549 318 611 sacerdoti
332 549 470 612 indicare
484 567 656 610 sermonem
670 547 741 610 Dei.

206 631 281 694 Heli
309 633 501 715 compellans
522 651 613 693 eum.
634 652 689 694 oro
711 640 753 706 te,
776 629 885 710 inquit,
913 639 946 691 et
965 629 1113 707 obtestor,

164 713 269 777 indica
281 717 357 778 mihi
371 737 410 779 ca
424 737 494 797 quae
518 714 596 776 dixit
610 715 666 777 tibi
687 676 795 777 Deris.
816 733 893 776 cave
908 733 947 775 ne
961 733 1011 776 me
1025 713 1114 794 quid·

164 818 257 880 quam
272 799 357 863 celes
371 820 478 863 eorum
492 820 561 880 quae
578 798 730 860 audivisti

207 882 333 946 lubenti
357 883 459 966 paruit
473 880 610 956 Samuel,
624 881 729 963 illique
744 880 897 944 enarravit
923 880 1029 942 omnia
1048 901 1115 944 ver·

164 966 206 1028 ba
234 966 378 1030 Domini.
400 967 453 1030 cui
474 966 565 1029 Heli.
586 965 736 1028 Dominus
757 975 815 1042 est,
837 964 890 1042 ait,
915 963 1011 1027 faciat
1031 965 1115 1047 quod
1230 1055 1231 1058 Ἴ

163 1049 222 1113 sibi
237 1048 371 1113 libuerit.

597 1136 667 1194 106.

163 1237 329 1382 HPaulo
328 1236 397 1318 pdst
417 1237 535 1301 bellum
555 1246 695 1300 exortum
716 1247 764 1302 est
783 1237 863 1301 inter
884 1235 1059 1302 Pbilistraos
1080 1247 1114 1302 et

200 1321 338 1466 {ibiibi
353 1422 456 1466 arcam
469 1403 620 1466 foederis
613 1425 645 1466 ιιι
668 1423 813 1498 pugnam.
827 1403 981 1478 defentnt,
995 1415 1114 1468 etcum

163 1490 202 1550 ed
216 1485 273 1548 filii
288 1486 457 1548 sacerdotis
471 1487 664 1581 procedunt3
685 1488 739 1548 sed
741 1487 837 1587 ,quia
859 1487 946 1548 Deus
967 1487 1027 1548 illis
1048 1497 1116 1550 erat

163 1569 309 1646 offensae,
324 1590 399 1632 arca
412 1569 597 1633 detrimento
620 1569 718 1666 magis
740 1571 832 1651 quim
846 1569 1025 1652 adjumento
1045 1569 1113 1634 suit.

205 1654 288 1718 Victi
310 1664 383 1717 sunt
405 1653 546 1730 Hebraei,
560 1653 657 1718 occisi
680 1653 735 1716 filii
755 1653 939 1734 ,sacerdotis
954 1673 1027 1716 arca
1046 1655 1115 1738 ipsa

164 1747 409 1900 ὓ’αῘΙὶιῃιέιῗξιιιιιιιο
429 1831 525 1886 tantae
549 1821 648 1886 cladis
669 1821 795 1898 nuncio,
810 1842 828 1886 e
842 1819 919 1886 sent
931 1817 1060 1900 decidit,
1080 1831 1114 1886 et

163 1905 260 1970 fracti
273 1907 394 1970 cervice
407 1917 546 1972 mortuus
559 1917 620 1971 est.

604 2013 674 2069 107.

207 2103 334 2167 Samuel
357 2103 414 2166 fuit
434 2113 606 2186 postremus
634 2104 841 2168 Hebraeorum
859 2103 969 2199 judex,
992 2123 1114 2166 eorum-

163 2209 292 2284 queres
313 2188 345 2250 in
359 2209 476 2251 summa
497 2207 576 2270 pace
598 2198 630 2251 et
644 2177 795 2272 perpetua
815 2187 1037 2268 tranquillitate
1059 2188 1114 2250 ad·

161 2271 352 2335 ministravit

204 2357 250 2418 At
263 2376 358 2436 quum
385 2357 545 2433 senuisset,
559 2365 592 2420 et
616 2355 720 2418 filii
692 2377 758 2439 ejus
780 2376 800 2418 a
820 2355 957 2418 moribus
978 2355 1113 2437 patentis

125 2447 131 2456 ”
162 2439 382 2534 desciscerent,
397 2439 540 2520 populuS,
564 2440 709 2501 novitatis
731 2459 846 2514 aurens,
871 2439 911 2500 ab
932 2437 988 2501 illo
1008 2459 1113 2522 regem

131 2529 135 2534 '
205 2522 263 2584 tiit.

162 2542 406 2668 pesarlruel
361 2605 458 2688 primb
480 2625 546 2668 rem
567 2604 719 2682 dissuasit,
741 2603 953 2688 Hebraeosque
983 2607 1023 2671 ab
1051 2609 1111 2673 isto

161 2689 293 2752 consilio
319 2689 475 2753 dimovere
497 2699 629 2752 conatus
660 2700 727 2770 cst;
759 2690 814 2753 sed
836 2689 880 2754 illi
902 2691 935 2754 in
956 2694 1111 2758 sententia

161 2773 368 2855 perstiterunt.

204 2856 312 2926 Quare
327 2858 465 2920 admonit
452 2867 502 2920 tus
516 2857 613 2921 aDeo
628 2857 752 2922 Samuel
768 2858 876 2922 annuit
885 2880 992 2924 corum
1005 2869 1110 2942 postu·

161 2939 278 3016 lationi,
292 2951 335 3004 et
339 2941 465 3005 Saiilem
479 2961 586 3024 regem
600 2941 802 3004 consecravit.

204 3023 279 3085 Erat
293 3025 421 3088 Sa'ulis
413 3045 523 3121 rngens
545 3035 662 3087 statura
683 3035 716 3110 et
739 3025 835 3088 forma
849 3025 1016 3109 excellens,
1031 3023 1110 3084 adeb

70 3139 72 3144 ·
160 3115 196 3170 ut
209 3107 344 3190 dignitas
359 3110 495 3192 corporis
509 3108 654 3192 dignitati
669 3108 762 3192 regiae
777 3109 906 3191 pulchre
917 3104 1108 3173 conveniret.

609 3215 680 3272 108.

201 3307 374 3372 Philistaei'
366 3330 398 3370 m
409 3329 516 3392 agrum
526 3309 752 3382 Hebraeorum
745 3309 943 3401 irruptionem
958 3305 1109 3372 fecerunt.

154 3471 155 3474 Ἴ
203 3393 405 3474 Quapropter
435 3393 510 3456 Saul
539 3394 684 3456 adversus
705 3392 776 3454 illos
803 3388 964 3472 processit,
978 3401 1011 3456 et
1025 3393 1109 3488 apud

160 3475 301 3560 Galgala,
315 3476 451 3542 urbem
441 3477 595 3562 insignem
615 3477 703 3540 istius
724 3473 868 3557 regionis,
882 3483 983 3540 castra
996 3475 1108 3560 posuit.
