2472 4038
530 225 649 324 =raa

174 409 233 476 Po.
257 410 344 495 Seps
358 409 441 474 nobis
454 408 574 473 felicids.

173 495 235 560 Eu.
259 496 350 570 Quod
365 516 455 578 genus
470 516 508 557 ex
522 495 567 556 his
582 493 736 578 delegisti?

172 580 234 646 Pa.
258 581 371 644 Omnes
386 579 491 642 formas
505 593 648 662 expertus
662 599 737 641 sum.

173 663 235 728 Eu.
259 664 349 728 Nulla
364 663 493 748 placuit?

171 749 232 812 Pu.
256 747 332 825 Imb,
351 749 571 831 perplacuerant
591 767 693 810 omnes
708 746 732 808 si
751 745 879 809 licuisset
901 744 992 809 statim
1006 767 1096 830 nego·

129 833 202 897 tiari.
246 832 358 895 Verum
383 831 604 916 perpendebam
617 831 689 894 mihi
704 830 753 892 diu
764 830 930 894 sudandum
945 829 974 892 in
996 831 1096 907 ohoro,

24 941 29 954 ’-
129 919 298 1002 priusquam
320 916 488 980 crederetur
510 915 580 977 mihi
601 914 764 998 negotiatio.
820 913 949 998 Jamque
971 914 1097 998 cogitare

130 1001 209 1085 coepi
243 1002 280 1064 de
301 999 437 1064 venandi
461 997 584 1062 abbatii.
648 999 710 1060 Sed
733 998 861 1082 primum
882 1017 942 1060 non
964 997 1099 1060 ommbua

128 1084 180 1148 hic
202 1083 281 1146 lavet
303 1085 402 1160 Delia,
424 1099 455 1145 et
475 1105 552 1166 sape
573 1083 721 1165 longeest
741 1082 864 1143 venatio.
909 1081 1012 1165 ltaque
1027 1101 1099 1143 con·

128 1168 254 1251 sumptis
282 1169 361 1230 huno
382 1167 411 1228 in
433 1167 554 1228 modurn
578 1167 659 1228 annis
682 1179 760 1240 octo,
786 1186 854 1226 curu
869 1178 947 1228 esset
968 1164 1099 1227 nuntiata

127 1273 210 1314 mors
232 1251 330 1333 patris,
353 1251 473 1312 domum
487 1271 629 1326 reversus,
645 1270 684 1310 ex
699 1249 819 1311 consilio
829 1249 927 1312 matris
938 1247 1010 1311 duxi
1023 1269 1099 1311 uxo-

93 1407 95 1411 ·
126 1357 206 1410 rem,
222 1347 253 1395 et
267 1333 305 1394 ad
320 1346 450 1394 veterem
464 1335 689 1416 negotiationem
703 1333 784 1395 redii.

178 1417 231 1480 Gl.
255 1415 315 1478 Dic
329 1416 411 1492 mihi,
425 1437 493 1478 cum
503 1432 563 1479 tam
573 1416 696 1478 subinde
707 1432 815 1480 novam
828 1431 941 1480 restem
957 1436 1099 1494 sumeres,

24 1527 25 1532 ¹
128 1524 166 1566 ac
182 1500 265 1564 velut
278 1499 308 1561 in
320 1499 398 1562 aliud
414 1500 518 1562 animal
528 1499 777 1576 transformareris,
792 1501 841 1585 qul
855 1501 970 1586 potuisti
984 1519 1100 1563 serrare

129 1585 298 1648 decorum?
349 1643 352 1650 ,

171 1668 232 1732 Ρα.
257 1666 323 1742 Qut
345 1667 441 1729 mimis
457 1687 545 1752 quam
559 1668 589 1730 hi
605 1668 654 1752 qui
674 1668 704 1730 in
728 1665 835 1731 eidem
849 1666 949 1732 sabulis
967 1687 1100 1731 nonnun-

129 1774 220 1840 quam
234 1753 320 1849 aliam
335 1766 424 1898 atrpte
439 1753 524 1814 aliam
535 1767 654 1850 sumunt
668 1773 836 1836 personam.

174 1835 236 1900 Eu.
259 1835 319 1899 Dm
333 1857 373 1898 no
393 1857 418 1898 rs
432 1835 512 1898 bona
522 1837 593 1913 fide,
606 1859 656 1920 qur
669 1838 782 1900 nullum
796 1837 861 1901 vitre
871 1857 962 1922 genus
975 1857 1034 1902 non
1046 1857 1100 1901 ex·

28 1973 46 2008 ‚¹
131 1935 233 2005 pertus
247 1941 291 1995 es,
307 1919 531 2004 quodomnium
546 1919 677 1983 maximis
693 1921 821 2005 probas?

178 2003 239 2067 Pa.
261 2001 331 2065 Non
345 2003 479 2066 omnibus
489 2004 588 2066 omnia
601 2018 782 2088 congruunt3
797 2004 869 2068 mihi
882 2005 995 2068 nullum
1009 2004 1100 2089 magis

133 2087 242 2152 arridet
263 2086 351 2170 quam
365 2087 422 2150 boc
437 2089 515 2171 quod
529 2101 645 2151 secutus
662 2109 738 2150 sum.

174 2171 238 2235 Eu.
261 2169 359 2234 Multa
373 2185 470 2234 tamen
486 2172 674 2236 incommoda
687 2173 776 2236 habet
789 2171 954 2257 negotiatio.

173 2255 235 2319 Pu.
261 2255 312 2318 Sic
326 2268 380 2318 est.
425 2255 487 2318 Sed
504 2258 622 2340 quando
643 2257 755 2319 nullum
777 2257 843 2320 vita
858 2278 949 2340 genus
964 2257 1099 2320 omnibus

130 2353 213 2420 caret
223 2339 427 2418 incommodis,
442 2340 518 2402 hanc
538 2341 753 2424 Spartamque
777 2341 897 2424 contigit
911 2361 991 2402 orno.
1039 2339 1102 2402 Ve-

130 2426 198 2488 niam
212 2444 291 2485 nuuc
305 2437 440 2505 superest
453 2422 611 2500 Eusebius,
623 2425 673 2507 qui
687 2446 745 2486 non
756 2425 920 2506 gravabitur
935 2422 1015 2506 apud
1031 2423 1103 2486 ami·

131 2529 187 2572 cos
201 2506 266 2568 vitae
281 2527 339 2568 suae
354 2527 474 2568 scenam
488 2507 614 2589 aliquam
628 2507 788 2591 explicare.

178 2589 240 2654 Eu.
264 2589 340 2666 Imb,
365 2603 456 2652 totam
482 2589 659 2668 fabularn,si
683 2590 808 2667 videtur,
834 2608 903 2651 nam
916 2589 1006 2654 habet
1022 2607 1104 2658 actus

133 2696 194 2739 non
208 2674 326 2736 multos.
640 2721 646 2732 .

183 2757 233 2820 Gt.
258 2757 325 2820 Erit
340 2777 518 2860 magnopere
534 2771 654 2840 gramm.

180 2841 240 2905 Eu.
264 2841 324 2905 Ubi
338 2842 482 2921 redrssem
496 2842 526 2903 in
549 2842 681 2924 patriam,
705 2861 813 2903 annum
839 2843 917 2926 apud
932 2865 980 2908 me
996 2843 1107 2908 delibe-

134 2926 198 2990 ravi
221 2925 370 3010 quodnam
391 2926 457 2988 vitae
480 2947 573 3008 genus
588 2925 727 3009 amplecti
749 2926 875 2990 vellem:
899 2929 1042 3012 simulque
1057 2946 1106 2988 me

135 3011 236 3093 ipsum
265 3009 428 3090 exploravi,
454 3009 490 3070 ad
519 3009 598 3093 quod
627 3030 719 3093 genus
743 3031 839 3073 essem
867 3031 1029 3096 propensus
1058 3023 1107 3071 aut

135 3094 272 3156 idoneus.
317 3091 437 3154 Interim
452 3093 548 3155 oblata
563 3107 606 3156 est
621 3093 787 3178 praebenda,
804 3117 892 3180 quam
908 3107 1024 3169 vocant,
1039 3091 1108 3154 satis

137 3173 231 3260 opimi
245 3175 410 3258 proventds.
456 3177 581 3262 Accepi.

187 3256 237 3322 Gi.
261 3257 359 3343 Vulgo
375 3259 452 3322 malis
468 3261 547 3324 audit
560 3262 617 3325 hoc
631 3261 696 3324 vitae
712 3283 814 3346 genus.

180 3341 245 3406 Eu.
270 3341 347 3405 Mihi
360 3357 394 3405 ut
408 3359 475 3406 sunt
489 3367 536 3408 res
557 3346 691 3410 humanas
714 3347 783 3408 satis
806 3338 1005 3436 exoptandum
1028 3341 1110 3408 vide-

138 3441 194 3491 tur.
240 3427 291 3490 An
315 3426 496 3490 mediocrem
518 3428 686 3493 felicitatem
702 3450 767 3492 esse
782 3437 900 3508 putatia,
915 3424 1012 3489 subiti)
1031 3430 1112 3492 velut

140 3532 159 3574 e
171 3511 248 3574 coelo
263 3511 325 3573 dari
340 3524 384 3574 tot
395 3513 561 3589 commoda,
573 3514 754 3596 dignitatem,
768 3509 845 3572 aedes
860 3508 1004 3589 honestas,
1019 3513 1112 3582 bene,

141 3615 200 3679 que
222 3595 386 3670 instructas,
403 3615 513 3659 annuos
531 3598 641 3658 reditus
657 3597 723 3656 satis
738 3593 860 3675 amplos,
875 3595 1037 3658 sodalitium
1058 3599 1112 3658 ho-

141 3679 307 3756 norificum,
322 3679 430 3742 deinde
445 3680 598 3761 templum,
612 3677 673 3749 ubi,
688 3679 712 3736 sl
725 3677 821 3749 libeat,
832 3688 924 3738 'vaces
938 3677 1088 3757 religioni?
