<?xml version="1.0" encoding="UTF-8"?>
<!DOCTYPE html PUBLIC "-//W3C//DTD XHTML 1.0 Transitional//EN"
    "http://www.w3.org/TR/xhtml1/DTD/xhtml1-transitional.dtd">
<html xmlns="http://www.w3.org/1999/xhtml" xml:lang="en" lang="en">
 <head>
  <title>
</title>
<meta http-equiv="Content-Type" content="text/html;charset=utf-8" />
  <meta name='ocr-system' content='tesseract 3.04.00' />
  <meta name='ocr-capabilities' content='ocr_page ocr_carea ocr_par ocr_line ocrx_word'/>
</head>
<body>
  <div class='ocr_page' id='page_1' title='image "./liberprimus01danagoog_0053.png"; bbox 0 0 2492 4038; ppageno 0'>
   <div class='ocr_carea' id='block_1_1' title="bbox 579 226 751 349">
    <p class='ocr_par' dir='ltr' id='par_1_1' title="bbox 579 226 751 349">
     <span class='ocr_line' id='line_1_1' title="bbox 579 226 751 349; baseline 0 0"><span class='ocrx_word' id='word_1_1' title='bbox 579 226 629 296; x_wconf 65' lang='grc'>46</span> <span class='ocrx_word' id='word_1_2' title='bbox 746 334 751 349; x_wconf 68' lang='lat'><em>1</em></span> 
     </span>
    </p>
   </div>
   <div class='ocr_carea' id='block_1_2' title="bbox 120 401 1074 803">
    <p class='ocr_par' dir='ltr' id='par_1_2' title="bbox 120 401 1074 656">
     <span class='ocr_line' id='line_1_2' title="bbox 168 401 1074 488; baseline 0.006 -23"><span class='ocrx_word' id='word_1_3' title='bbox 168 401 292 473; x_wconf 78' lang='lat' dir='ltr'>Quibus</span> <span class='ocrx_word' id='word_1_4' title='bbox 307 405 360 468; x_wconf 86' lang='lat' dir='ltr'>illo</span> <span class='ocrx_word' id='word_1_5' title='bbox 374 405 473 468; x_wconf 70' lang='lat' dir='ltr'>arnico</span> <span class='ocrx_word' id='word_1_6' title='bbox 485 427 492 468; x_wconf 76' lang='grc' dir='ltr'><strong><em>ε</em></strong></span> <span class='ocrx_word' id='word_1_7' title='bbox 506 406 659 482; x_wconf 86' lang='lat' dir='ltr'>accedite,</span> <span class='ocrx_word' id='word_1_8' title='bbox 669 405 779 487; x_wconf 89' lang='lat' dir='ltr'>inquit,</span> <span class='ocrx_word' id='word_1_9' title='bbox 791 405 831 468; x_wconf 90' lang='lat' dir='ltr'>ad</span> <span class='ocrx_word' id='word_1_10' title='bbox 844 427 910 468; x_wconf 88' lang='lat' dir='ltr'>me:</span> <span class='ocrx_word' id='word_1_11' title='bbox 931 425 993 488; x_wconf 88' lang='lat' dir='ltr'>ego</span> <span class='ocrx_word' id='word_1_12' title='bbox 1007 425 1074 470; x_wconf 89' lang='lat' dir='ltr'>sum</span> 
     </span>
     <span class='ocr_line' id='line_1_3' title="bbox 124 487 1074 570; baseline 0.001 -19"><span class='ocrx_word' id='word_1_13' title='bbox 124 487 277 569; x_wconf 76' lang='lat' dir='ltr'>Iosephus</span> <span class='ocrx_word' id='word_1_14' title='bbox 292 489 384 552; x_wconf 87' lang='lat' dir='ltr'>frater</span> <span class='ocrx_word' id='word_1_15' title='bbox 405 500 515 565; x_wconf 83' lang='lat' dir='ltr'>vester,</span> <span class='ocrx_word' id='word_1_16' title='bbox 533 510 626 570; x_wconf 89' lang='lat' dir='ltr'>quern</span> <span class='ocrx_word' id='word_1_17' title='bbox 650 489 829 552; x_wconf 84' lang='lat' dir='ltr'>vendidistis</span> <span class='ocrx_word' id='word_1_18' title='bbox 852 490 1074 553; x_wconf 79' lang='lat' dir='ltr'>mercatoribus</span> 
     </span>
     <span class='ocr_line' id='line_1_4' title="bbox 120 567 772 656; baseline -0.003 -20"><span class='ocrx_word' id='word_1_19' title='bbox 120 573 269 636; x_wconf 86' lang='lat' dir='ltr'>¹euntibus</span> <span class='ocrx_word' id='word_1_20' title='bbox 284 571 316 635; x_wconf 92' lang='lat' dir='ltr'>in</span> <span class='ocrx_word' id='word_1_21' title='bbox 330 567 521 656; x_wconf 79' lang='lat' dir='ltr'>AEgyptum:</span> <span class='ocrx_word' id='word_1_22' title='bbox 542 574 639 636; x_wconf 86' lang='lat' dir='ltr'>nolite</span> <span class='ocrx_word' id='word_1_23' title='bbox 655 573 772 636; x_wconf 87' lang='lat' dir='ltr'>timere.</span> 
     </span>
    </p>

    <p class='ocr_par' dir='ltr' id='par_1_3' title="bbox 126 655 1074 803">
     <span class='ocr_line' id='line_1_5' title="bbox 167 655 1074 740; baseline 0.001 -21"><span class='ocrx_word' id='word_1_24' title='bbox 167 656 229 719; x_wconf 90' lang='lat' dir='ltr'>Dei</span> <span class='ocrx_word' id='word_1_25' title='bbox 245 656 436 738; x_wconf 73' lang='lat' dir='ltr'>providentia</span> <span class='ocrx_word' id='word_1_26' title='bbox 460 657 492 719; x_wconf 90' lang='lat' dir='ltr'>id</span> <span class='ocrx_word' id='word_1_27' title='bbox 516 657 703 734; x_wconf 83' lang='lat' dir='ltr'>factumest,</span> <span class='ocrx_word' id='word_1_28' title='bbox 729 667 764 719; x_wconf 90' lang='lat' dir='ltr'>ut</span> <span class='ocrx_word' id='word_1_29' title='bbox 784 677 847 740; x_wconf 87' lang='lat' dir='ltr'>ego</span> <span class='ocrx_word' id='word_1_30' title='bbox 861 655 952 720; x_wconf 85' lang='lat' dir='ltr'>saluti</span> <span class='ocrx_word' id='word_1_31' title='bbox 966 667 1074 720; x_wconf 79' lang='lat' dir='ltr'>vestrae</span> 
     </span>
     <span class='ocr_line' id='line_1_6' title="bbox 126 741 331 803; baseline -0.01 -1"><span class='ocrx_word' id='word_1_32' title='bbox 126 741 331 803; x_wconf 81' lang='lat' dir='ltr'><strong>consulerem.</strong></span> 
     </span>
    </p>
   </div>
   <div class='ocr_carea' id='block_1_3' title="bbox 578 872 629 928">
    <p class='ocr_par' dir='ltr' id='par_1_4' title="bbox 578 872 629 928">
     <span class='ocr_line' id='line_1_7' title="bbox 578 872 629 928; baseline 0 -1"><span class='ocrx_word' id='word_1_33' title='bbox 578 872 629 928; x_wconf 81' lang='lat'>70.</span> 
     </span>
    </p>
   </div>
   <div class='ocr_carea' id='block_1_4' title="bbox 91 988 1075 1660">
    <p class='ocr_par' dir='ltr' id='par_1_5' title="bbox 125 988 1074 1156">
     <span class='ocr_line' id='line_1_8' title="bbox 166 988 1074 1072; baseline 0 -20"><span class='ocrx_word' id='word_1_34' title='bbox 166 988 320 1070; x_wconf 85' lang='lat' dir='ltr'>Josephus</span> <span class='ocrx_word' id='word_1_35' title='bbox 351 989 420 1052; x_wconf 86' lang='lat' dir='ltr'>haec</span> <span class='ocrx_word' id='word_1_36' title='bbox 443 989 566 1052; x_wconf 88' lang='lat' dir='ltr'>locutus</span> <span class='ocrx_word' id='word_1_37' title='bbox 588 991 711 1053; x_wconf 78' lang='lat' dir='ltr'>fratrem</span> <span class='ocrx_word' id='word_1_38' title='bbox 743 1009 831 1051; x_wconf 90' lang='lat' dir='ltr'>suum</span> <span class='ocrx_word' id='word_1_39' title='bbox 861 989 1074 1072; x_wconf 87' lang='lat' dir='ltr'>Benjaminum</span> 
     </span>
     <span class='ocr_line' id='line_1_9' title="bbox 125 1072 876 1156; baseline -0.003 -20"><span class='ocrx_word' id='word_1_40' title='bbox 125 1072 305 1153; x_wconf 86' lang='lat' dir='ltr'>complexus</span> <span class='ocrx_word' id='word_1_41' title='bbox 319 1083 376 1149; x_wconf 91' lang='lat' dir='ltr'>est,</span> <span class='ocrx_word' id='word_1_42' title='bbox 390 1094 522 1154; x_wconf 85' lang='lat' dir='ltr'>eumque</span> <span class='ocrx_word' id='word_1_43' title='bbox 539 1073 681 1156; x_wconf 78' lang='lat' dir='ltr'>lacrymis</span> <span class='ocrx_word' id='word_1_44' title='bbox 695 1074 876 1154; x_wconf 83' lang='lat' dir='ltr'>conspersit.</span> 
     </span>
    </p>

    <p class='ocr_par' dir='ltr' id='par_1_6' title="bbox 91 1155 1074 1320">
     <span class='ocr_line' id='line_1_10' title="bbox 166 1155 1074 1239; baseline -0.001 -20"><span class='ocrx_word' id='word_1_45' title='bbox 166 1156 287 1222; x_wconf 80' lang='lat' dir='ltr'>Deinde.</span> <span class='ocrx_word' id='word_1_46' title='bbox 313 1168 443 1219; x_wconf 85' lang='lat' dir='ltr'>caeteros</span> <span class='ocrx_word' id='word_1_47' title='bbox 462 1178 585 1238; x_wconf 87' lang='lat' dir='ltr'>quoque</span> <span class='ocrx_word' id='word_1_48' title='bbox 610 1155 717 1219; x_wconf 84' lang='lat' dir='ltr'>fratres</span> <span class='ocrx_word' id='word_1_49' title='bbox 739 1157 963 1239; x_wconf 85' lang='lat' dir='ltr'>collacrymans</span> <span class='ocrx_word' id='word_1_50' title='bbox 984 1177 1074 1220; x_wconf 88' lang='lat' dir='ltr'>oscu-</span> 
     </span>
     <span class='ocr_line' id='line_1_11' title="bbox 91 1240 1072 1320; baseline 0 -18"><span class='ocrx_word' id='word_1_51' title='bbox 91 1311 93 1316; x_wconf 82' lang='lat'><em>.</em></span> <span class='ocrx_word' id='word_1_52' title='bbox 124 1240 206 1320; x_wconf 85' lang='lat' dir='ltr'>latus</span> <span class='ocrx_word' id='word_1_53' title='bbox 218 1251 274 1302; x_wconf 90' lang='lat' dir='ltr'>est.</span> <span class='ocrx_word' id='word_1_54' title='bbox 304 1241 385 1302; x_wconf 88' lang='lat' dir='ltr'>Tum</span> <span class='ocrx_word' id='word_1_55' title='bbox 399 1241 524 1302; x_wconf 88' lang='lat' dir='ltr'>demum</span> <span class='ocrx_word' id='word_1_56' title='bbox 538 1241 583 1303; x_wconf 92' lang='lat' dir='ltr'>illi</span> <span class='ocrx_word' id='word_1_57' title='bbox 598 1262 669 1304; x_wconf 88' lang='lat' dir='ltr'>oum</span> <span class='ocrx_word' id='word_1_58' title='bbox 684 1261 723 1302; x_wconf 89' lang='lat' dir='ltr'>eo</span> <span class='ocrx_word' id='word_1_59' title='bbox 738 1242 868 1303; x_wconf 90' lang='lat' dir='ltr'>fidenter</span> <span class='ocrx_word' id='word_1_60' title='bbox 882 1241 978 1302; x_wconf 92' lang='lat' dir='ltr'>locuti</span> <span class='ocrx_word' id='word_1_61' title='bbox 992 1251 1072 1302; x_wconf 88' lang='lat' dir='ltr'>sunt.</span> 
     </span>
    </p>

    <p class='ocr_par' dir='ltr' id='par_1_7' title="bbox 123 1323 1075 1660">
     <span class='ocr_line' id='line_1_12' title="bbox 166 1323 1075 1406; baseline 0 -20"><span class='ocrx_word' id='word_1_62' title='bbox 166 1325 288 1398; x_wconf 83' lang='lat' dir='ltr'>Quibus</span> <span class='ocrx_word' id='word_1_63' title='bbox 310 1323 483 1406; x_wconf 83' lang='lat' dir='ltr'>losephus:</span> <span class='ocrx_word' id='word_1_64' title='bbox 506 1325 558 1402; x_wconf 90' lang='lat' dir='ltr'>ite,</span> <span class='ocrx_word' id='word_1_65' title='bbox 581 1325 689 1406; x_wconf 91' lang='lat' dir='ltr'>inquit,</span> <span class='ocrx_word' id='word_1_66' title='bbox 705 1335 867 1406; x_wconf 86' lang='lat' dir='ltr'>properate</span> <span class='ocrx_word' id='word_1_67' title='bbox 892 1325 932 1386; x_wconf 83' lang='lat' dir='ltr'>ed</span> <span class='ocrx_word' id='word_1_68' title='bbox 956 1336 1075 1405; x_wconf 87' lang='lat' dir='ltr'>patrem</span> 
     </span>
     <span class='ocr_line' id='line_1_13' title="bbox 123 1407 1075 1488; baseline -0.003 -17"><span class='ocrx_word' id='word_1_69' title='bbox 123 1427 237 1484; x_wconf 83' lang='lat' dir='ltr'>meum,</span> <span class='ocrx_word' id='word_1_70' title='bbox 264 1407 356 1488; x_wconf 84' lang='lat' dir='ltr'>eiquo</span> <span class='ocrx_word' id='word_1_71' title='bbox 388 1407 534 1470; x_wconf 86' lang='lat' dir='ltr'>nunciate</span> <span class='ocrx_word' id='word_1_72' title='bbox 567 1407 664 1470; x_wconf 90' lang='lat' dir='ltr'>filium</span> <span class='ocrx_word' id='word_1_73' title='bbox 688 1427 777 1470; x_wconf 90' lang='lat' dir='ltr'>suum</span> <span class='ocrx_word' id='word_1_74' title='bbox 799 1407 910 1484; x_wconf 88' lang='lat' dir='ltr'>vivere,</span> <span class='ocrx_word' id='word_1_75' title='bbox 931 1417 964 1470; x_wconf 85' lang='lat' dir='ltr'>et</span> <span class='ocrx_word' id='word_1_76' title='bbox 991 1408 1075 1488; x_wconf 88' lang='lat' dir='ltr'>apud</span> 
     </span>
     <span class='ocr_line' id='line_1_14' title="bbox 124 1491 1074 1573; baseline -0.002 -19"><span class='ocrx_word' id='word_1_77' title='bbox 124 1492 316 1554; x_wconf 84' lang='lat' dir='ltr'>Pharaonem</span> <span class='ocrx_word' id='word_1_78' title='bbox 351 1491 515 1573; x_wconf 83' lang='lat' dir='ltr'>plurimbm</span> <span class='ocrx_word' id='word_1_79' title='bbox 550 1512 639 1573; x_wconf 88' lang='lat' dir='ltr'>posse</span> <span class='ocrx_word' id='word_1_80' title='bbox 651 1515 661 1571; x_wconf 83' lang='lat'>3</span> <span class='ocrx_word' id='word_1_81' title='bbox 696 1492 879 1573; x_wconf 85' lang='lat' dir='ltr'>persuadete</span> <span class='ocrx_word' id='word_1_82' title='bbox 908 1491 953 1553; x_wconf 89' lang='lat' dir='ltr'>illi</span> <span class='ocrx_word' id='word_1_83' title='bbox 981 1501 1015 1554; x_wconf 92' lang='lat' dir='ltr'>ut</span> <span class='ocrx_word' id='word_1_84' title='bbox 1042 1491 1074 1552; x_wconf 91' lang='lat' dir='ltr'>in</span> 
     </span>
     <span class='ocr_line' id='line_1_15' title="bbox 125 1575 816 1660; baseline 0 -22"><span class='ocrx_word' id='word_1_85' title='bbox 125 1575 296 1660; x_wconf 83' lang='lat' dir='ltr'>AEgyptum</span> <span class='ocrx_word' id='word_1_86' title='bbox 309 1595 382 1640; x_wconf 79' lang='lat' dir='ltr'>arun</span> <span class='ocrx_word' id='word_1_87' title='bbox 396 1575 483 1644; x_wconf 88' lang='lat' dir='ltr'>omai&#39;</span> <span class='ocrx_word' id='word_1_88' title='bbox 495 1575 609 1638; x_wconf 72' lang='lat' dir='ltr'>sanius</span> <span class='ocrx_word' id='word_1_89' title='bbox 622 1575 816 1658; x_wconf 81' lang='lat' dir='ltr'>commigret.</span> 
     </span>
    </p>
   </div>
   <div class='ocr_carea' id='block_1_5' title="bbox 168 1719 1076 1924">
    <p class='ocr_par' dir='ltr' id='par_1_8' title="bbox 168 1719 1076 1924">
     <span class='ocr_line' id='line_1_16' title="bbox 493 1719 628 1775; baseline 0 0"><span class='ocrx_word' id='word_1_90' title='bbox 493 1751 499 1764; x_wconf 64' lang='grc' dir='ltr'>ι</span> <span class='ocrx_word' id='word_1_91' title='bbox 578 1719 628 1775; x_wconf 81' lang='grc'>71.</span> 
     </span>
     <span class='ocr_line' id='line_1_17' title="bbox 168 1838 1076 1924; baseline 0.002 -22"><span class='ocrx_word' id='word_1_92' title='bbox 168 1838 263 1902; x_wconf 87' lang='lat' dir='ltr'>Fama</span> <span class='ocrx_word' id='word_1_93' title='bbox 290 1839 330 1902; x_wconf 91' lang='lat' dir='ltr'>de</span> <span class='ocrx_word' id='word_1_94' title='bbox 359 1839 505 1902; x_wconf 81' lang='lat' dir='ltr'>adventu·</span> <span class='ocrx_word' id='word_1_95' title='bbox 525 1838 650 1903; x_wconf 88' lang='lat' dir='ltr'>fratrum</span> <span class='ocrx_word' id='word_1_96' title='bbox 671 1839 800 1922; x_wconf 84' lang='lat' dir='ltr'>losephi</span> <span class='ocrx_word' id='word_1_97' title='bbox 821 1841 862 1904; x_wconf 86' lang='lat' dir='ltr'>ad</span> <span class='ocrx_word' id='word_1_98' title='bbox 884 1861 973 1904; x_wconf 88' lang='lat' dir='ltr'>aures</span> <span class='ocrx_word' id='word_1_99' title='bbox 994 1842 1076 1924; x_wconf 86' lang='lat' dir='ltr'>regis</span> 
     </span>
    </p>
   </div>
   <div class='ocr_carea' id='block_1_6' title="bbox 126 1923 1172 2008">
    <p class='ocr_par' dir='ltr' id='par_1_9' title="bbox 126 1923 1172 2008">
     <span class='ocr_line' id='line_1_18' title="bbox 126 1923 1172 2008; baseline 0.005 -25"><span class='ocrx_word' id='word_1_100' title='bbox 126 1923 276 2007; x_wconf 86' lang='lat' dir='ltr'>pervenit,</span> <span class='ocrx_word' id='word_1_101' title='bbox 292 1923 343 2004; x_wconf 91' lang='lat' dir='ltr'>qui</span> <span class='ocrx_word' id='word_1_102' title='bbox 365 1923 452 1986; x_wconf 88' lang='lat' dir='ltr'>dedit</span> <span class='ocrx_word' id='word_1_103' title='bbox 473 1923 518 1986; x_wconf 89' lang='lat' dir='ltr'>eis</span> <span class='ocrx_word' id='word_1_104' title='bbox 539 1945 668 1988; x_wconf 85' lang='lat' dir='ltr'>munera</span> <span class='ocrx_word' id='word_1_105' title='bbox 689 1924 872 2008; x_wconf 86' lang='lat' dir='ltr'>perferenda</span> <span class='ocrx_word' id='word_1_106' title='bbox 896 1925 936 1988; x_wconf 87' lang='lat' dir='ltr'>ad</span> <span class='ocrx_word' id='word_1_107' title='bbox 958 1929 1077 2008; x_wconf 82' lang='lat' dir='ltr'>patrem</span> <span class='ocrx_word' id='word_1_108' title='bbox 1166 1972 1172 1981; x_wconf 91' lang='lat'>.</span> 
     </span>
    </p>
   </div>
   <div class='ocr_carea' id='block_1_7' title="bbox 127 2005 1118 2426">
    <p class='ocr_par' dir='ltr' id='par_1_10' title="bbox 127 2005 436 2070">
     <span class='ocr_line' id='line_1_19' title="bbox 127 2005 436 2070; baseline -0.006 0"><span class='ocrx_word' id='word_1_109' title='bbox 127 2028 198 2070; x_wconf 90' lang='lat' dir='ltr'>cum</span> <span class='ocrx_word' id='word_1_110' title='bbox 214 2005 261 2068; x_wconf 90' lang='lat' dir='ltr'>his</span> <span class='ocrx_word' id='word_1_111' title='bbox 274 2007 436 2069; x_wconf 87' lang='lat' dir='ltr'>mandatis.</span> 
     </span>
    </p>

    <p class='ocr_par' dir='ltr' id='par_1_11' title="bbox 129 2090 1118 2426">
     <span class='ocr_line' id='line_1_20' title="bbox 171 2090 1079 2178; baseline 0.004 -26"><span class='ocrx_word' id='word_1_112' title='bbox 171 2091 330 2178; x_wconf 58' lang='lat' dir='ltr'>ddduoite</span> <span class='ocrx_word' id='word_1_113' title='bbox 345 2090 405 2153; x_wconf 88' lang='lat' dir='ltr'>huc</span> <span class='ocrx_word' id='word_1_114' title='bbox 421 2101 542 2172; x_wconf 84' lang='lat' dir='ltr'>patrem</span> <span class='ocrx_word' id='word_1_115' title='bbox 561 2102 694 2154; x_wconf 88' lang='lat' dir='ltr'>vestrum</span> <span class='ocrx_word' id='word_1_116' title='bbox 708 2103 741 2156; x_wconf 91' lang='lat' dir='ltr'>et</span> <span class='ocrx_word' id='word_1_117' title='bbox 754 2113 878 2156; x_wconf 88' lang='lat' dir='ltr'>omnem</span> <span class='ocrx_word' id='word_1_118' title='bbox 892 2093 959 2177; x_wconf 90' lang='lat' dir='ltr'>ejus</span> <span class='ocrx_word' id='word_1_119' title='bbox 981 2093 1079 2156; x_wconf 80' lang='lat' dir='ltr'>santil-</span> 
     </span>
     <span class='ocr_line' id='line_1_21' title="bbox 129 2173 1079 2258; baseline 0.001 -21"><span class='ocrx_word' id='word_1_120' title='bbox 129 2175 200 2252; x_wconf 85' lang='lat' dir='ltr'>iem,</span> <span class='ocrx_word' id='word_1_121' title='bbox 227 2195 287 2238; x_wconf 87' lang='lat' dir='ltr'>nec</span> <span class='ocrx_word' id='word_1_122' title='bbox 313 2173 444 2238; x_wconf 78' lang='lat' dir='ltr'>multum</span> <span class='ocrx_word' id='word_1_123' title='bbox 464 2185 571 2238; x_wconf 82' lang='lat' dir='ltr'>curate</span> <span class='ocrx_word' id='word_1_124' title='bbox 593 2175 820 2258; x_wconf 86' lang='lat' dir='ltr'>supellectilem</span> <span class='ocrx_word' id='word_1_125' title='bbox 843 2189 984 2254; x_wconf 82' lang='lat' dir='ltr'>vestram,</span> <span class='ocrx_word' id='word_1_126' title='bbox 1006 2177 1079 2258; x_wconf 89' lang='lat' dir='ltr'>quia</span> 
     </span>
     <span class='ocr_line' id='line_1_22' title="bbox 129 2259 1118 2343; baseline 0.001 -22"><span class='ocrx_word' id='word_1_127' title='bbox 129 2259 242 2336; x_wconf 84' lang='lat' dir='ltr'>omnia,</span> <span class='ocrx_word' id='word_1_128' title='bbox 281 2279 351 2340; x_wconf 80' lang='lat' dir='ltr'>quae</span> <span class='ocrx_word' id='word_1_129' title='bbox 384 2279 462 2340; x_wconf 87' lang='lat' dir='ltr'>opus</span> <span class='ocrx_word' id='word_1_130' title='bbox 487 2269 577 2328; x_wconf 86' lang='lat' dir='ltr'>erunt</span> <span class='ocrx_word' id='word_1_131' title='bbox 603 2260 701 2336; x_wconf 88' lang='lat' dir='ltr'>vobis,</span> <span class='ocrx_word' id='word_1_132' title='bbox 730 2261 914 2343; x_wconf 68' lang='lat' dir='ltr'>praebiturus</span> <span class='ocrx_word' id='word_1_133' title='bbox 948 2281 1025 2338; x_wconf 88' lang='lat' dir='ltr'>sum,</span> <span class='ocrx_word' id='word_1_134' title='bbox 1047 2270 1081 2323; x_wconf 88' lang='lat' dir='ltr'>et</span> <span class='ocrx_word' id='word_1_135' title='bbox 1116 2299 1118 2304; x_wconf 93' lang='lat'>-</span> 
     </span>
     <span class='ocr_line' id='line_1_23' title="bbox 130 2343 819 2426; baseline 0.004 -22"><span class='ocrx_word' id='word_1_136' title='bbox 130 2363 237 2404; x_wconf 85' lang='lat' dir='ltr'>omnes</span> <span class='ocrx_word' id='word_1_137' title='bbox 251 2363 327 2424; x_wconf 86' lang='lat' dir='ltr'>opes</span> <span class='ocrx_word' id='word_1_138' title='bbox 342 2343 470 2426; x_wconf 85' lang='lat' dir='ltr'>AEgypti</span> <span class='ocrx_word' id='word_1_139' title='bbox 484 2353 592 2406; x_wconf 74' lang='lat' dir='ltr'>vestrm</span> <span class='ocrx_word' id='word_1_140' title='bbox 607 2355 707 2407; x_wconf 86' lang='lat' dir='ltr'>erunt.</span> <span class='ocrx_word' id='word_1_141' title='bbox 755 2373 758 2384; x_wconf 64' lang='lat'><strong><em>¹</em></strong></span> <span class='ocrx_word' id='word_1_142' title='bbox 815 2354 819 2363; x_wconf 83' lang='grc'><strong>“</strong></span> 
     </span>
    </p>
   </div>
   <div class='ocr_carea' id='block_1_8' title="bbox 131 2425 1143 2586">
    <p class='ocr_par' dir='ltr' id='par_1_12' title="bbox 131 2425 1143 2586">
     <span class='ocr_line' id='line_1_24' title="bbox 173 2425 1143 2512; baseline 0.005 -25"><span class='ocrx_word' id='word_1_143' title='bbox 173 2425 259 2488; x_wconf 88' lang='lat' dir='ltr'>Misit</span> <span class='ocrx_word' id='word_1_144' title='bbox 281 2447 404 2508; x_wconf 88' lang='lat' dir='ltr'>quoque</span> <span class='ocrx_word' id='word_1_145' title='bbox 426 2447 531 2490; x_wconf 86' lang='lat' dir='ltr'>currus</span> <span class='ocrx_word' id='word_1_146' title='bbox 554 2428 594 2490; x_wconf 85' lang='lat' dir='ltr'>sd</span> <span class='ocrx_word' id='word_1_147' title='bbox 621 2428 795 2492; x_wconf 85' lang='lat' dir='ltr'>vehendum</span> <span class='ocrx_word' id='word_1_148' title='bbox 815 2447 931 2508; x_wconf 82' lang='lat' dir='ltr'>senem,</span> <span class='ocrx_word' id='word_1_149' title='bbox 953 2437 986 2492; x_wconf 90' lang='lat' dir='ltr'>et</span> <span class='ocrx_word' id='word_1_150' title='bbox 1013 2447 1082 2512; x_wconf 83' lang='lat' dir='ltr'>par·</span> <span class='ocrx_word' id='word_1_151' title='bbox 1139 2435 1143 2440; x_wconf 86' lang='lat'>&#39;</span> 
     </span>
     <span class='ocr_line' id='line_1_25' title="bbox 131 2509 857 2586; baseline 0.006 -14"><span class='ocrx_word' id='word_1_152' title='bbox 131 2509 227 2586; x_wconf 90' lang='lat' dir='ltr'>vulos,</span> <span class='ocrx_word' id='word_1_153' title='bbox 241 2522 274 2573; x_wconf 88' lang='lat' dir='ltr'>et</span> <span class='ocrx_word' id='word_1_154' title='bbox 287 2511 441 2574; x_wconf 86' lang='lat' dir='ltr'>mulieres.</span> <span class='ocrx_word' id='word_1_155' title='bbox 775 2565 779 2574; x_wconf 92' lang='lat'>.</span> <span class='ocrx_word' id='word_1_156' title='bbox 851 2528 857 2544; x_wconf 76' lang='lat'><em>⁶</em></span> 
     </span>
    </p>
   </div>
   <div class='ocr_carea' id='block_1_9' title="bbox 175 2637 1084 2833">
    <p class='ocr_par' dir='ltr' id='par_1_13' title="bbox 175 2637 1084 2833">
     <span class='ocr_line' id='line_1_26' title="bbox 589 2637 639 2692; baseline 0 0"><span class='ocrx_word' id='word_1_157' title='bbox 589 2637 639 2692; x_wconf 76' lang='lat'>72.</span> 
     </span>
     <span class='ocr_line' id='line_1_27' title="bbox 175 2746 1084 2833; baseline -0.003 -18"><span class='ocrx_word' id='word_1_158' title='bbox 175 2749 297 2815; x_wconf 84' lang='lat' dir='ltr'>Fratres</span> <span class='ocrx_word' id='word_1_159' title='bbox 321 2746 448 2833; x_wconf 86' lang='lat' dir='ltr'>Josephi</span> <span class='ocrx_word' id='word_1_160' title='bbox 473 2751 653 2813; x_wconf 88' lang='lat' dir='ltr'>festinantes</span> <span class='ocrx_word' id='word_1_161' title='bbox 675 2751 787 2814; x_wconf 86' lang='lat' dir='ltr'>reversi</span> <span class='ocrx_word' id='word_1_162' title='bbox 812 2751 943 2812; x_wconf 83' lang='lat' dir='ltr'>suntad</span> <span class='ocrx_word' id='word_1_163' title='bbox 964 2761 1084 2832; x_wconf 84' lang='lat' dir='ltr'>patrem</span> 
     </span>
    </p>
   </div>
   <div class='ocr_carea' id='block_1_10' title="bbox 8 2833 1084 3028">
    <p class='ocr_par' dir='ltr' id='par_1_14' title="bbox 8 2833 1084 3028">
     <span class='ocr_line' id='line_1_28' title="bbox 23 2833 1084 2918; baseline -0.001 -21"><span class='ocrx_word' id='word_1_164' title='bbox 23 2847 28 2869; x_wconf 84' lang='lat'>¹</span> <span class='ocrx_word' id='word_1_165' title='bbox 134 2856 232 2910; x_wconf 87' lang='lat' dir='ltr'>suum,</span> <span class='ocrx_word' id='word_1_166' title='bbox 247 2834 338 2914; x_wconf 87' lang='lat' dir='ltr'>eique</span> <span class='ocrx_word' id='word_1_167' title='bbox 361 2835 586 2918; x_wconf 84' lang='lat' dir='ltr'>nunciaverunt</span> <span class='ocrx_word' id='word_1_168' title='bbox 609 2833 781 2916; x_wconf 84' lang='lat' dir='ltr'>losephum</span> <span class='ocrx_word' id='word_1_169' title='bbox 798 2833 909 2911; x_wconf 81' lang='lat' dir='ltr'>vivers,</span> <span class='ocrx_word' id='word_1_170' title='bbox 924 2845 957 2898; x_wconf 88' lang='lat' dir='ltr'>et</span> <span class='ocrx_word' id='word_1_171' title='bbox 970 2835 1084 2916; x_wconf 86' lang='lat' dir='ltr'>princi·</span> 
     </span>
     <span class='ocr_line' id='line_1_29' title="bbox 8 2916 551 3028; baseline -0.006 -47"><span class='ocrx_word' id='word_1_172' title='bbox 8 3005 18 3028; x_wconf 28' lang='grc' dir='ltr'>μ</span> <span class='ocrx_word' id='word_1_173' title='bbox 135 2940 206 3002; x_wconf 86' lang='lat' dir='ltr'>pern</span> <span class='ocrx_word' id='word_1_174' title='bbox 221 2919 288 2980; x_wconf 86' lang='lat' dir='ltr'>esse</span> <span class='ocrx_word' id='word_1_175' title='bbox 303 2918 397 2980; x_wconf 90' lang='lat' dir='ltr'>totius</span> <span class='ocrx_word' id='word_1_176' title='bbox 412 2916 551 3012; x_wconf 77' lang='lat' dir='ltr'>AEgypti.</span> 
     </span>
    </p>
   </div>
   <div class='ocr_carea' id='block_1_11' title="bbox 135 2999 1086 3166">
    <p class='ocr_par' dir='ltr' id='par_1_15' title="bbox 135 2999 1086 3166">
     <span class='ocr_line' id='line_1_30' title="bbox 179 2999 1085 3084; baseline -0.002 -19"><span class='ocrx_word' id='word_1_177' title='bbox 179 3002 228 3065; x_wconf 84' lang='lat' dir='ltr'>Ad</span> <span class='ocrx_word' id='word_1_178' title='bbox 250 3021 343 3081; x_wconf 88' lang='lat' dir='ltr'>quem</span> <span class='ocrx_word' id='word_1_179' title='bbox 370 3022 518 3062; x_wconf 80' lang='lat' dir='ltr'>nuncium</span> <span class='ocrx_word' id='word_1_180' title='bbox 540 2999 686 3076; x_wconf 81' lang='lat' dir='ltr'>lacobus,</span> <span class='ocrx_word' id='word_1_181' title='bbox 718 3001 806 3081; x_wconf 86' lang='lat' dir='ltr'>quasi</span> <span class='ocrx_word' id='word_1_182' title='bbox 829 3021 848 3064; x_wconf 86' lang='lat' dir='ltr'>e</span> <span class='ocrx_word' id='word_1_183' title='bbox 869 3000 955 3084; x_wconf 87' lang='lat' dir='ltr'>gravi</span> <span class='ocrx_word' id='word_1_184' title='bbox 978 3021 1085 3063; x_wconf 87' lang='lat' dir='ltr'>somno</span> 
     </span>
     <span class='ocr_line' id='line_1_31' title="bbox 135 3083 1086 3166; baseline -0.002 -18"><span class='ocrx_word' id='word_1_185' title='bbox 135 3085 287 3148; x_wconf 86' lang='lat' dir='ltr'>excitatus</span> <span class='ocrx_word' id='word_1_186' title='bbox 301 3083 470 3164; x_wconf 88' lang='lat' dir='ltr'>obstupuit,</span> <span class='ocrx_word' id='word_1_187' title='bbox 485 3084 693 3166; x_wconf 77' lang='lat' dir='ltr'>neaprimbm</span> <span class='ocrx_word' id='word_1_188' title='bbox 715 3085 786 3147; x_wconf 88' lang='lat' dir='ltr'>filiis</span> <span class='ocrx_word' id='word_1_189' title='bbox 807 3105 873 3147; x_wconf 87' lang='lat' dir='ltr'>rem</span> <span class='ocrx_word' id='word_1_190' title='bbox 893 3084 1086 3146; x_wconf 83' lang='lat' dir='ltr'>narrantibus</span> 
     </span>
    </p>
   </div>
   <div class='ocr_carea' id='block_1_12' title="bbox 25 3159 423 3258">
    <p class='ocr_par' dir='ltr' id='par_1_16' title="bbox 25 3159 423 3258">
     <span class='ocr_line' id='line_1_32' title="bbox 25 3159 423 3258; baseline -0.013 -26"><span class='ocrx_word' id='word_1_191' title='bbox 25 3251 28 3258; x_wconf 29' lang='grc'>1</span> <span class='ocrx_word' id='word_1_192' title='bbox 137 3159 229 3232; x_wconf 87' lang='lat' dir='ltr'>fidem</span> <span class='ocrx_word' id='word_1_193' title='bbox 245 3167 423 3230; x_wconf 85' lang='lat' dir='ltr'>adhibebat.</span> 
     </span>
    </p>
   </div>
   <div class='ocr_carea' id='block_1_13' title="bbox 34 3226 1088 3500">
    <p class='ocr_par' dir='ltr' id='par_1_17' title="bbox 34 3226 1088 3500">
     <span class='ocr_line' id='line_1_33' title="bbox 180 3226 1087 3333; baseline -0.002 -19"><span class='ocrx_word' id='word_1_194' title='bbox 180 3251 244 3314; x_wconf 83' lang='lat' dir='ltr'>Sed</span> <span class='ocrx_word' id='word_1_195' title='bbox 260 3263 422 3332; x_wconf 83' lang='lat' dir='ltr'>postquam</span> <span class='ocrx_word' id='word_1_196' title='bbox 435 3249 512 3312; x_wconf 90' lang='lat' dir='ltr'>vidit</span> <span class='ocrx_word' id='word_1_197' title='bbox 526 3250 663 3333; x_wconf 86' lang='lat' dir='ltr'>plaustra</span> <span class='ocrx_word' id='word_1_198' title='bbox 684 3260 717 3312; x_wconf 88' lang='lat' dir='ltr'>et</span> <span class='ocrx_word' id='word_1_199' title='bbox 736 3251 821 3312; x_wconf 88' lang='lat' dir='ltr'>dona</span> <span class='ocrx_word' id='word_1_200' title='bbox 845 3226 903 3312; x_wconf 90' lang='lat' dir='ltr'>sibi</span> <span class='ocrx_word' id='word_1_201' title='bbox 918 3271 937 3312; x_wconf 83' lang='lat' dir='ltr'>a</span> <span class='ocrx_word' id='word_1_202' title='bbox 950 3249 1087 3332; x_wconf 83' lang='lat' dir='ltr'>losepho</span> 
     </span>
     <span class='ocr_line' id='line_1_34' title="bbox 137 3331 1088 3416; baseline -0.002 -18"><span class='ocrx_word' id='word_1_203' title='bbox 137 3331 239 3408; x_wconf 83' lang='lat' dir='ltr'>misso,</span> <span class='ocrx_word' id='word_1_204' title='bbox 254 3335 373 3416; x_wconf 88' lang='lat' dir='ltr'>recepit</span> <span class='ocrx_word' id='word_1_205' title='bbox 387 3333 532 3411; x_wconf 87' lang='lat' dir='ltr'>animum,</span> <span class='ocrx_word' id='word_1_206' title='bbox 547 3345 588 3410; x_wconf 86' lang='lat' dir='ltr'>et,</span> <span class='ocrx_word' id='word_1_207' title='bbox 602 3333 678 3398; x_wconf 90' lang='lat' dir='ltr'>mibi</span> <span class='ocrx_word' id='word_1_208' title='bbox 699 3334 773 3396; x_wconf 91' lang='lat' dir='ltr'>satis</span> <span class='ocrx_word' id='word_1_209' title='bbox 794 3345 851 3411; x_wconf 89' lang='lat' dir='ltr'>est,</span> <span class='ocrx_word' id='word_1_210' title='bbox 875 3334 983 3414; x_wconf 87' lang='lat' dir='ltr'>inquit,</span> <span class='ocrx_word' id='word_1_211' title='bbox 997 3333 1022 3394; x_wconf 95' lang='lat' dir='ltr'>si</span> <span class='ocrx_word' id='word_1_212' title='bbox 1044 3333 1088 3396; x_wconf 83' lang='lat' dir='ltr'>vi-</span> 
     </span>
     <span class='ocr_line' id='line_1_35' title="bbox 34 3416 1088 3500; baseline 0 -20"><span class='ocrx_word' id='word_1_213' title='bbox 34 3448 38 3491; x_wconf 91' lang='lat'>·.</span> <span class='ocrx_word' id='word_1_214' title='bbox 116 3421 121 3428; x_wconf 85' lang='lat'>&#39;</span> <span class='ocrx_word' id='word_1_215' title='bbox 137 3417 182 3480; x_wconf 86' lang='lat' dir='ltr'>vit</span> <span class='ocrx_word' id='word_1_216' title='bbox 196 3416 297 3479; x_wconf 85' lang='lat' dir='ltr'>adhuc</span> <span class='ocrx_word' id='word_1_217' title='bbox 311 3417 463 3500; x_wconf 85' lang='lat' dir='ltr'>losephus</span> <span class='ocrx_word' id='word_1_218' title='bbox 476 3421 582 3482; x_wconf 82' lang='lat' dir='ltr'>meus:</span> <span class='ocrx_word' id='word_1_219' title='bbox 596 3417 649 3481; x_wconf 92' lang='lat' dir='ltr'>ibo</span> <span class='ocrx_word' id='word_1_220' title='bbox 662 3427 696 3481; x_wconf 86' lang='lat' dir='ltr'>et</span> <span class='ocrx_word' id='word_1_221' title='bbox 709 3417 822 3481; x_wconf 84' lang='lat' dir='ltr'>videbo</span> <span class='ocrx_word' id='word_1_222' title='bbox 836 3437 908 3484; x_wconf 90' lang='lat' dir='ltr'>eum</span> <span class='ocrx_word' id='word_1_223' title='bbox 922 3428 1088 3500; x_wconf 89' lang='lat' dir='ltr'>antequam</span> 
     </span>
    </p>
   </div>
   <div class='ocr_carea' id='block_1_14' title="bbox 31 3499 259 3582">
    <p class='ocr_par' dir='ltr' id='par_1_18' title="bbox 31 3499 259 3582">
     <span class='ocr_line' id='line_1_36' title="bbox 31 3499 259 3582; baseline -0.018 -18"><span class='ocrx_word' id='word_1_224' title='bbox 31 3571 38 3582; x_wconf 52' lang='grc'><strong>,</strong></span> <span class='ocrx_word' id='word_1_225' title='bbox 138 3499 259 3564; x_wconf 88' lang='lat' dir='ltr'>moriar.</span> 
     </span>
    </p>
   </div>
   <div class='ocr_carea' id='block_1_15' title="bbox 0 0 1265 4038">
    <p class='ocr_par' dir='ltr' id='par_1_19' title="bbox 0 0 1265 4038">
     <span class='ocr_line' id='line_1_37' title="bbox 0 0 1265 4038; baseline 0 0"><span class='ocrx_word' id='word_1_226' title='bbox 0 0 1265 4038; x_wconf 95' lang='lat' dir='ltr'> </span> 
     </span>
    </p>
   </div>
  </div>
 </body>
</html>
