2492 4038
626 207 686 326 ta

178 437 233 502 erit
263 437 351 500 vobis
382 435 537 519 praesidio,
572 447 605 498 et
632 437 769 500 deducet
802 457 855 498 vos
890 436 1058 518 aliquando
1086 456 1126 500 ex

177 521 340 605 AEgypto
332 541 364 583 ιιι
386 521 544 603 regionem
569 540 663 600 quam
678 520 815 602 patribus
836 521 947 582 nostris
968 521 1126 603 promisit.

177 625 229 667 oro
243 627 295 668 vos
310 615 405 685 atque
420 605 559 666 obtestor
573 615 607 668 ut
621 605 697 666 illuc
713 624 784 666 ossa
799 623 870 666 mea
883 604 1062 686 deportetis.

159 747 162 752 .
218 689 340 752 Deinde
355 687 478 770 placide
502 687 596 750 obiit·
618 708 733 770 corpus
754 687 821 770 ejus
842 687 1002 750 conditum
1023 698 1080 764 est,
1094 697 1127 750 et

177 771 209 834 in
222 772 336 836 feretro
351 773 495 855 positum.

631 895 681 950 80.

217 994 342 1056 Interea
368 994 483 1074 posteri
505 993 628 1069 Jacobi,
651 1013 706 1054 seu
727 992 866 1068 Hebraei,
893 974 1022 1056 ndmaro
1044 991 1127 1054 aucti

151 1089 247 1170 sunt
269 1078 380 1140 mirum
402 1077 433 1139 in
455 1077 592 1153 modum,
615 1087 775 1140 eteorum
794 1076 961 1138 multitudo
983 1095 1128 1140 crescens

151 1137 210 1224 ιιι
225 1145 292 1224 dies
306 1171 422 1224 metum
438 1162 525 1224 incut
513 1162 687 1224 tiebato
625 1161 790 1243 AEgyptiis

219 1247 290 1308 Rex
304 1267 399 1306 novus
421 1246 499 1308 solio
508 1245 628 1340 potitus
650 1257 706 1320 est,
729 1245 782 1324 qui
803 1243 975 1326 Josaphum
998 1265 1062 1306 non
1084 1243 1128 1306 vi-

177 1329 277 1404 derat,
290 1349 350 1390 nec
364 1331 473 1391 merita
486 1330 553 1412 ejus
567 1292 796 1392 recordabatur.

222 1411 276 1474 Is
268 1412 371 1494 igitur,
385 1423 420 1474 ut
432 1413 585 1475 Hebraeos
599 1413 796 1492 opprimeret,
816 1413 945 1507 primum
959 1412 1044 1474 duris
1059 1411 1128 1474 illos

177 1495 337 1559 laboribus
359 1495 567 1574 conficiebat3
589 1495 702 1558 deinde
725 1496 821 1558 edixit
842 1497 936 1558 etiam
955 1506 990 1558 ut
1010 1495 1128 1580 parvuli

176 1601 283 1644 eorum
297 1601 407 1643 recens
421 1579 490 1642 nati
502 1580 534 1642 in
549 1543 664 1642 flumen
678 1579 913 1662 projicerentur.

515 1703 677 1761 ·81.

218 1804 333 1868 Mulier
346 1805 485 1868 Hebraea
499 1805 620 1888 peperit
644 1804 751 1880 filium,
773 1825 876 1888 quem,
893 1825 989 1887 quum
1009 1803 1128 1868 videret

176 1889 362 1971 elegantem,
376 1889 474 1952 voluit
488 1910 618 1952 servare.

220 1973 328 2041 Quare
356 1973 521 2036 abscondit
547 1985 619 2035 eum
644 1974 741 2036 tribus
761 1973 930 2050 mensibus,
952 1973 1008 2035 sed
1033 1993 1128 2054 quum

176 2077 241 2151 non
269 2067 373 2138 posset
394 2077 466 2119 eum
486 2055 601 2120 diutius
635 2058 803 2133 occultare,
806 2058 955 2153 sumpsit
977 2057 1128 2119 fiscellam

177 2139 339 2221 scirpeam,
354 2161 446 2221 quam
461 2140 558 2204 linivit
573 2141 722 2204 bitumine
738 2161 776 2204 ac
791 2131 872 2223 pice.

219 2223 340 2286 Deinde
364 2225 465 2306 posuit
486 2225 568 2288 intus
597 2224 791 2302 infantulum,
821 2235 854 2289 et
882 2224 1026 2308 exposuit
1057 2243 1129 2286 eum

178 2307 210 2369 in
211 2317 257 2370 ter
211 2309 473 2372 tarundines
450 2330 526 2391 npae
542 2309 686 2372 fluminis.

219 2391 368 2454 Habebat
382 2413 488 2454 secum
501 2413 595 2454 unam
614 2393 760 2454 comitem
774 2413 910 2456 sororem
924 2391 1022 2474 pueri,
1037 2411 1128 2472 quam

173 2475 265 2558 jussit
278 2485 359 2537 stare
373 2475 493 2557 procul,
507 2485 543 2536 ut
555 2485 700 2536 eventum
714 2475 758 2537 rei
773 2477 958 2557 exploraret.

632 2602 683 2660 82.

153 2704 294 2768 Mox
316 2703 380 2767 filia
403 2703 580 2766 Pharaonis
592 2702 676 2766 venit
707 2703 747 2768 ad
779 2701 904 2780 flumen,
928 2715 963 2768 ut
987 2705 1128 2770 ablueret

177 2809 298 2872 corpus.
356 2787 517 2870 Prospexit
544 2787 733 2850 fiscellam
725 2809 757 2850 ιιι
786 2789 987 2852 arundinibus
1008 2790 1128 2853 baeren-

177 2883 249 2949 tem‚
264 2873 415 2952 misitque
421 2871 496 2933 illuc
511 2891 605 2934 unam
619 2893 637 2934 e
652 2871 825 2934 famulabus
839 2873 912 2934 suia.

220 2956 337 3038 Aperta
357 2955 476 3018 fiscella
489 2976 621 3018 cernens
643 2955 802 3036 parvulum
823 2956 1009 3038 vagientem,
1023 2955 1115 3017 miser

177 3051 210 3102 ta
231 3050 279 3101 est
299 3039 400 3101 illius:
420 3039 479 3102 iste
501 3049 559 3116 est,
581 3039 689 3120 inquit,
711 3059 790 3101 unus
812 3060 850 3102 ex
872 3038 1042 3103 infantibus
1062 3035 1114 3098 He

176 3124 342 3186 breeorum.
939 3155 944 3166 ·

219 3205 311 3268 Tunc
326 3227 410 3268 soror
432 3207 518 3288 pueri
544 3209 714 3272 accedens:
735 3208 845 3284 vis-ne,
859 3207 912 3282 ait,
926 3181 962 3266 rit
976 3221 1129 3268 arcessam

177 3289 338 3352 mulierem
359 3289 536 3368 Hebraeam‚
551 3313 621 3372 quae
646 3293 761 3356 nutriat
784 3288 969 3372 parvulum?
991 3297 1024 3350 ct
1036 3309 1129 3352 voca·

177 3375 221 3436 rit
233 3384 384 3455 matrem;
405 3395 456 3437 cur
447 3373 534 3440 'filia
547 3376 716 3440 Pharaonis
729 3393 859 3484 puerum
873 3371 1018 3435 alendum
1032 3373 1128 3452 dedit,

178 3457 326 3545 promissa
338 3459 493 3523 mercede.

220 3537 328 3625 Itaque
352 3544 594 3688 mater5nutrivit
608 3563 747 3628 puerum,
772 3551 805 3606 et
826 3539 965 3654 adultum
995 3539 1129 3604 reddidit
