2472 4038
618 283 682 353 lll

350 487 525 592 Hortottls
543 535 702 602 eumn,
721 533 802 590 AU'l'
820 532 948 590 SECUS.

207 633 309 710 Salve,
323 632 405 694 here.
449 630 529 708 Ohe,
545 629 625 694 salve
647 643 678 692 tu
702 649 830 713 quoque,
845 629 920 691 bone
935 627 988 690 vir.
1033 625 1133 706 Salve,

164 717 209 780 vir
222 715 413 790 ornatissime,
423 713 588 776 clarissime.
633 713 721 776 Solve
733 712 822 774 etium
833 724 919 795 atquo
930 709 1027 788 etiem,
1037 711 1134 774 litere·

164 815 231 863 rum
254 801 353 861 decus.
399 797 487 860 Salve
511 797 663 880 plurimiun
686 796 848 858 amicorum
868 793 987 876 optime.
1032 794 1133 870 Salve,

165 884 207 946 mi
222 883 378 944 lllaeoenes.
423 880 513 942 Salve
527 893 649 962 patrone
667 878 825 960 singularis.
872 877 972 954 Salve,
986 877 1030 940 vir
1050 898 1135 960 speo-

121 1035 130 1042 ,
165 967 316 1028 tatissime.
376 965 476 1040 Salve,
513 964 632 1026 unicum
667 963 754 1025 hu‘us
791 961 882 1024 utatis
920 975 1133 1024 ommneutum.

79 1089 85 1108 .
166 1049 265 1126 Salve,
288 1047 452 1110 Germaniae
476 1046 621 1108 delicium.
668 984 796 1122 Salvete,
819 1057 961 1132 quotquot
981 1045 1060 1124 ostie,
1075 1043 1138 1108 und

165 1133 259 1194 salute
274 1153 387 1194 omnes.
432 1131 548 1194 Salvete
562 1130 669 1214 pariter
682 1149 792 1192 omues.

523 1281 616 1336 ALIA
634 1281 779 1336 FORMA.

212 1377 316 1439 Salvus
343 1376 381 1438 sis
409 1375 502 1439 Crito.
547 1375 634 1439 Bene
656 1375 706 1438 tibi
728 1376 775 1453 sit,
790 1375 834 1438 vir
853 1376 972 1460 optime.
1018 1372 1059 1436 Et
1082 1375 1136 1438 tibi

167 1461 281 1524 melius.
305 1455 310 1474 ’
325 1459 391 1522 Pax
406 1460 468 1536 tibi,
483 1459 582 1536 freter,
597 1459 764 1522 Christiana
777 1459 910 1522 salutatio
924 1471 972 1520 est
987 1456 1006 1518 d
1025 1455 1135 1522 luderis

167 1542 308 1627 profecta,
322 1564 419 1626 neque
438 1557 538 1606 tumen
553 1542 740 1626 repudianda.
786 1541 894 1606 Similis
908 1555 964 1617 est,
977 1539 1055 1604 bone
1068 1539 1134 1603 vitu.

167 1627 248 1704 Ave,
274 1641 443 1710 preceptor.
498 1625 649 1710 Equidem
673 1626 773 1690 malim
798 1623 904 1688 babere
946 1623 1015 1686 uim
1039 1643 1135 1686 onere.

167 1709 320 1773 Memento
345 1724 376 1772 te
401 1709 526 1774 Basileae
552 1731 628 1786 esse,
650 1731 710 1772 non
730 1709 867 1772 Athenis.
941 1729 976 1772 ur
997 1719 1029 1772 tu
1052 1707 1137 1792 igitur

167 1794 259 1857 audes
273 1793 410 1856 Romane
424 1795 514 1880 loqui,
529 1794 598 1858 oitm
613 1792 719 1858 Rome
733 1815 792 1857 uon
806 1793 868 1856 sis?

461 1945 564 2000 VALE
582 1943 625 1999 IN
644 1943 843 2000 DIGRESSU.

214 2038 323 2101 Valete
338 2059 447 2102 omnes.
492 2037 580 2102 Bene
595 2039 670 2101 vale.
714 2039 797 2101 Cura
810 2051 844 2101 ut
865 2037 956 2122 qubm
975 2035 1138 2100 rectissimis

172 2124 279 2186 valeas.
340 2121 544 2186 Valetudinem
573 2137 654 2186 tuam
682 2143 753 2186 cure
776 2123 935 2206 diligenter.
986 2121 1138 2184 lubente
1228 2121 1229 2124 ’

169 2205 247 2269 bene
275 2207 381 2283 valere.
425 2207 494 2268 lam
523 2227 572 2269 me
601 2219 719 2290 tempus
747 2206 805 2269 elib
834 2220 929 2283 vocat,
958 2219 990 2268 tu
1018 2205 1137 2268 valebis.

171 2291 278 2354 Valeto
307 2287 394 2374 quim
423 2290 543 2373 optime.
603 2289 681 2353 Vale
710 2288 886 2375 punctatim,
916 2303 966 2352 uut
994 2289 1018 2351 si
1046 2288 1138 2351 mavis

156 2371 316 2436 'athletice
363 2373 440 2436 Vale
462 2389 494 2437 ut
515 2376 544 2437 di
564 2395 618 2436 nus
639 2395 680 2436 es.
726 2373 802 2436 Vale
823 2387 857 2436 ut
877 2375 996 2436 meritus
1017 2393 1059 2434 ee.
1103 2371 1139 2434 In

123 2506 126 2514 .
168 2458 228 2518 hoo
241 2457 363 2518 biduum
378 2457 495 2518 valebis,
540 2397 573 2520 bi
588 2479 636 2519 me
652 2458 778 2534 dimittis,
792 2459 904 2520 valebis
917 2457 946 2518 in
970 2455 1137 2518 crastinum.

171 2539 325 2620 Numquid
349 2539 412 2600 vis?
448 2539 504 2600 Est
527 2541 606 2602 uliud
628 2542 706 2624 quod
728 2562 776 2604 me
799 2541 891 2604 velis?
925 2539 1019 2615 Nihil,
1033 2539 1087 2604 nisi
1105 2554 1138 2604 ut

169 2621 312 2706 prospere
339 2621 445 2684 valeas.
491 2621 542 2685 Da
563 2645 684 2710 operam
701 2639 733 2688 ut
752 2625 790 2688 sis
809 2623 950 2709 prosperi
961 2624 1135 2688 valetudine.

168 2707 237 2789 Age
262 2727 362 2768 curam
390 2707 560 2770 valemdinis
589 2721 655 2772 tuae.
701 2709 788 2772 Hebe
816 2729 916 2772 curam
945 2709 1044 2772 salutis
1070 2723 1135 2770 tuae.

169 2787 231 2852 Fac
245 2803 277 2852 ut
290 2791 425 2873 proximo
438 2813 595 2874 oongressu
609 2807 640 2855 te
655 2794 753 2856 laetum
775 2813 809 2854 ao
830 2793 955 2858 nitidum
975 2795 1135 2856 videamus.

9 2895 11 2924 ι
96 2887 99 2893 ’
167 2871 265 2936 Jubeo
279 2889 307 2936 te
322 2896 424 2937 curere
438 2875 605 2938 cuticulam.
650 2875 733 2939 Cura
746 2889 779 2937 ut
793 2875 828 2938 sit
842 2897 926 2939 mens
939 2876 1051 2940 sunain
1072 2895 1137 2934 cor·

167 2978 239 3040 pore
254 2977 333 3020 sano.
379 2957 429 3020 Da
443 2981 564 3042 operam
579 2974 612 3022 ut
628 2973 708 3022 totus
722 2960 828 3036 valeas,
844 2975 905 3022 tum
927 2979 1059 3042 corpore,
1074 2969 1136 3018 tum

168 3039 274 3100 animo.
331 3039 459 3104 Dabitur
484 3043 602 3127 quidem
628 3063 729 3127 opera.
787 3041 908 3107 Valebis
940 3059 970 3106 tu
1006 3059 1135 3124 quoque·

167 3121 239 3184 Tibi
253 3123 377 3186 vicissim
391 3147 495 3209 precor
509 3147 679 3211 prosperam
694 3127 901 3192 valetudinem.

417 3279 642 3336 SALUTANDI
661 3281 735 3338 PER
753 3281 887 3338 ALIUM.

209 3371 391 3436 Frobenium
422 3374 539 3458 jubebis
576 3397 644 3440 meo
680 3378 798 3440 nomine
828 3375 939 3438 salvere
969 3371 1134 3457 plurimum.

166 3455 363 3520 Erasmiolum
388 3457 458 3520 item
482 3459 552 3522 mest
572 3462 662 3524 oeusfi
687 3458 822 3523 salutabis
848 3456 1009 3541 diligenter.
1053 3459 1135 3524 Tum

167 3542 251 3638 matri
265 3541 405 3607 Gemudi
428 3546 516 3628 quim
539 3559 623 3628 potes
647 3539 857 3607 officiosissime
878 3562 919 3606 ex
940 3565 989 3608 me
1010 3544 1134 3608 salutem
