2472 4038
584 262 651 368 na

544 510 630 566 col..
652 509 686 564 V.

448 641 589 699 enasor,
610 641 763 683 rnrsron.
795 633 801 644 “

175 723 306 786 Charon.
329 723 413 798 Quid
428 725 469 787 ita
482 746 619 808 properas
634 723 768 807 gestiens,
783 722 919 786 Alastor?

170 806 308 871 Alastor.
331 808 506 894 Opportune
521 824 551 872 tu
572 807 743 894 quidem,O
758 806 898 892 Charon;
921 807 958 870 ad
980 820 1009 870 te
1029 829 1101 893 pro-

128 894 277 975 perabam.
664 907 672 912 “
1102 894 1104 898 ’

177 975 233 1038 cl.
256 977 340 1050 Quid
354 999 437 1039 novae
452 978 517 1040 rei?

170 1057 227 1121 At.
250 1060 282 1122 N
283 1061 401 1122 uncium
417 1060 478 1124 fero
493 1061 543 1124 tibi
558 1059 799 1144 Proserpinaeque
819 1059 997 1123 latissimum
1018 1058 1100 1122 finu-

127 1165 202 1206 rum.

174 1225 226 1290 cl.
251 1226 334 1290 Effer
349 1228 433 1311 igitur
447 1229 526 1313 quod
541 1225 716 1310 letataque
731 1236 871 1290 exonera.

167 1309 222 1376 Al.
245 1311 342 1374 Furiae
357 1333 415 1374 non
430 1312 523 1374 minias
545 1313 675 1395 gnaviter
697 1311 785 1394 quam
800 1311 923 1373 feliciter
944 1325 1098 1394 gesserunt

126 1415 212 1456 sunm
227 1396 393 1478 negotium3
414 1397 523 1458 nullam
538 1396 613 1457 orbis
629 1409 741 1478 partem
756 1417 813 1457 non
831 1395 992 1458 infecerunt
1013 1395 1097 1457 malis

127 1479 267 1556 tartareis,
293 1480 426 1556 dissidiis,
452 1479 545 1557 bellis,
568 1479 734 1556 latrociniis,
760 1479 937 1561 pestilentiis,
960 1478 1036 1540 adeo
1064 1491 1099 1541 ut

126 1561 214 1644 plane
232 1562 295 1646 jam
310 1564 398 1625 calva
413 1563 523 1626 emissis
537 1563 663 1625 colubris
684 1563 749 1638 sint,
764 1575 794 1624 et
813 1563 960 1624 exhaustae
974 1561 1096 1624 venenis

126 1647 325 1722 obambulant,
341 1661 501 1730 quaerentes
535 1647 652 1730 nicquid
672 1667 793 1729 usquam
816 1660 860 1708 est
880 1645 1043 1728 viperarum
1064 1657 1097 1707 et

127 1731 272 1812 aspidum,
288 1731 404 1813 quando
419 1744 478 1792 tam
501 1669 604 1812 glabre
628 1741 694 1790 sunt
717 1749 805 1811 quam
826 1750 926 1806 ovum,
950 1741 980 1790 et
1002 1729 1096 1812 pilum

126 1819 184 1874 non
209 1813 318 1875 habent
342 1813 370 1874 in
395 1813 502 1895 capite,
517 1833 613 1897 neque
638 1813 794 1896 quicquam
818 1813 847 1874 in
872 1826 990 1896 pectora
1014 1811 1097 1874 succi
1144 1872 1145 1881 ,

127 1895 266 1957 efficacis.
311 1895 440 1957 Proinde
469 1909 501 1958 tu
526 1895 573 1958 fac
601 1897 739 1978 cymbam
768 1917 804 1957 ac
829 1917 925 1958 remos
949 1915 1095 1978 appares3

127 2000 200 2042 mox
215 1979 292 2041 enim
308 1992 431 2042 ventura
445 1993 489 2042 est
502 1992 583 2042 tanta
598 1980 764 2041 umbrarum
775 1980 940 2056 multitudo,
951 1992 983 2042 ut
994 1991 1114 2042 verear·

126 2083 165 2126 ne
181 2085 238 2126 non
253 2063 378 2126 sufficias
392 2064 526 2126 omnibus
541 2063 778 2126 transmittendis.
1097 2083 1101 2090 ·

175 2145 230 2210 cl.
253 2145 313 2210 Ista
327 2169 379 2210 nos
394 2169 453 2210 non
468 2147 611 2232 fugerant.

170 2230 227 2294 Al.
250 2229 341 2293 Unde
357 2232 518 2294 rescieras?

175 2315 229 2378 Gt.
254 2315 331 2377 Ossa
346 2317 502 2398 pertulerat
517 2329 583 2378 ante
598 2315 729 2377 biduum.

171 2398 225 2464 Al.
249 2398 291 2462 Ut
305 2399 355 2462 illa
368 2398 426 2461 dea
439 2399 508 2460 nihil
529 2412 573 2462 est
587 2399 735 2462 velocius!
780 2397 843 2462 Sed
865 2398 935 2482 quid
956 2399 1096 2484 tu'igitur

128 2483 177 2548 hic
193 2505 292 2547 cessas
307 2483 409 2547 relicta
422 2482 551 2566 cymba?

176 2567 234 2628 ol.
257 2568 302 2630 lt'a
326 2569 459 2644 nimirum
482 2589 527 2629 res
549 2565 671 2630 ferebat.
715 2565 787 2628 Huc
809 2565 955 2650 profectus
977 2589 1042 2630 sum
1063 2579 1095 2630 ut

128 2650 200 2713 mihi
223 2655 424 2732 compararem
440 2651 564 2712 validam
586 2649 712 2734 aliquam
733 2650 901 2726 triremem3
937 2671 1007 2712 nam
1027 2671 1096 2712 mea

28 2732 32 2738 ’
126 2734 235 2816 cymba
251 2733 314 2816 jam
337 2747 479 2794 vetustate
501 2734 590 2814 putris
612 2754 646 2794 ac
668 2733 758 2794 sutilis
779 2755 837 2794 non
859 2733 1005 2796 suffecerit
1026 2733 1096 2795 huic

127 2817 216 2892 oneri,
239 2817 263 2876 si
278 2837 348 2877 vera
369 2829 436 2877 sunt
452 2838 522 2962 fluae
540 2817 666 2912 'narravit
687 2815 775 2912 Ossa.
820 2817 1000 2900 Quanquam
1025 2816 1102 2914 quid·

127 2923 200 2998 opus
223 2913 284 2962 erat
310 2898 411 3019 Ossa?
485 2921 516 2964 es
539 2920 603 2982 ipsa
625 2901 791 2982 compellrt3
821 2921 890 2962 narn
913 2899 1096 2983 naufragium

127 2986 224 3130 scopu·
260 3021 405 3130 lliminim
442 3081 517 3130 totus
555 3066 684 3143 distillas,
720 3068 888 3152 suspicabar
927 3081 957 3130 te
1000 3065 1094 3130 redire

127 3154 319 3300 baldili'rma
334 3235 446 3297 enatavi
461 3256 478 3296 e
493 3220 595 3316 styga
609 3235 726 3316 paruae.

169 3319 223 3382 Al.
247 3319 375 3382 Umbras
390 3319 440 3380 ubi
454 3317 613 3400 reliquisti?

175 3402 228 3464 ct.
253 3401 362 3464 Natant
376 3425 444 3464 cum
456 3401 541 3464 ranis

169 3483 224 3546 Al.
249 3485 310 3548 Sed
326 3487 395 3569 quid
409 3485 533 3548 narravit
546 3483 644 3547 Ossa?

174 3564 226 3630 ot.
242 3567 327 3652 ‘Tres
341 3569 419 3633 orbis
432 3569 603 3652 monarchas
624 3569 793 3654 capitahlrus
814 3569 888 3634 odiis
908 3569 938 3634 in
959 3581 1095 3633 mutuum
