2472 4038
566 253 636 328 116

152 431 212 499 La.
236 434 385 522 Equidem
399 436 478 500 malo
499 437 625 500 insidiari
647 435 793 520 piscibus;
815 449 860 499 est
881 435 953 499 mihi
975 435 1085 500 bamus

110 518 237 666 elegans.

186 626 213 667 n.
238 605 300 668 Sed
313 605 392 668 uude
406 605 522 689 parabis
535 607 654 668 escam?
683 617 688 634 “

150 687 211 750 Lo.
235 689 461 753 Lumbricorum
475 691 583 773 ubique
598 709 704 771 magna
719 701 764 751 est
778 687 872 772 copia.

151 771 214 835 Ba.
238 773 304 851 Est,
318 775 342 836 si
357 775 407 836 tibi
422 775 510 836 velint
524 793 680 857 prorepere
696 794 713 835 e
729 787 814 834 terra.

152 855 212 919 La.
235 858 276 920 At
291 880 345 942 ego
360 880 431 920 mox
446 857 572 919 efficiam
586 871 618 920 ut
636 858 734 920 multae
756 857 902 940 myriades
924 856 1082 941 prosiliant.

151 939 214 1004 Bo.
239 941 311 1015 Quo
327 945 432 1026 pacto?
455 941 696 1003 incantamentis?

153 1023 211 1087 La.
237 1025 359 1087 Videbis
375 1040 475 1087 artem.
521 1025 617 1107 lmple
643 1025 719 1087 hanc
744 1024 859 1086 situlam
882 1022 968 1108 aquit.
1014 1023 1085 1087 Hos

116 1107 295 1190 'uglandium
311 1131 439 1171 summos
455 1110 576 1172 cortices
592 1109 718 1170 virentes
740 1107 903 1170 confractos
925 1107 1080 1172 irnmittito.

142 1213 177 1254 ao
206 1193 284 1276 aqud
312 1193 454 1276 perfirnde
483 1195 586 1256 solum.
651 1191 741 1255 Nunc
769 1193 894 1254 observa
922 1191 1080 1276 paulisper.

110 1273 206 1337 Vides
221 1280 427 1360 emergentes?

151 1357 214 1422 Bo.
238 1361 319 1422 Rem
334 1362 526 1446 prodigiosam
541 1361 636 1423 video.
683 1360 734 1423 Sic
752 1359 833 1436 olim,
848 1359 961 1442 opinor,
977 1359 1082 1422 exilie-

107 1439 178 1505 bant
190 1445 291 1506 armati
302 1467 341 1512 ex
352 1446 419 1508 satis
430 1445 571 1530 serpentis
582 1445 725 1507 dentibus.
771 1442 833 1506 Sed
843 1443 974 1527 plerique
986 1443 1082 1524 pisces
1130 1457 1136 1460 ’
1151 1437 1159 1442 ’

109 1527 281 1591 delicatioris
306 1543 336 1591 et
359 1529 541 1614 elegantioris
564 1543 631 1592 sunt
653 1529 742 1613 palati
765 1527 854 1614 quiam
875 1540 908 1590 ut
930 1531 999 1590 esci
1020 1541 1082 1590 tam

109 1611 158 1674 vul
180 1611 219 1674 ari
237 1613 397 1696 capiantur.

184 1717 211 1757 a.
229 1696 307 1758 Novi
316 1697 462 1781 quoddam
472 1695 571 1760 insecti
578 1717 669 1780 genus
678 1717 736 1780 quo
744 1696 849 1759 talibus
856 1692 981 1757 insidiari
989 1693 1078 1756 soleo.

149 1776 213 1840 Ba.
237 1779 287 1842 Tu
313 1780 380 1842 vide
407 1803 443 1843 an
468 1781 561 1865 'possis
585 1781 737 1864 imponere
762 1780 898 1865 piscibus,
923 1799 979 1862 ego
1003 1778 1080 1841 ranis

110 1859 253 1924 facessam
267 1865 426 1946 negotium.

150 1944 210 2009 La.
235 1945 419 2020 Quomodo?
441 1948 516 2010 reti?

150 2029 211 2093 Ba.
236 2029 317 2108 Nou,
333 2031 385 2094 sed
401 2053 479 2095 arcu.
595 2079 597 2084 s

149 2113 210 2178 Lo.
235 2114 357 2178 Novum
372 2116 503 2200 piscandi
518 2136 617 2200 genus.
938 2155 942 2164 ·

150 2197 213 2262 Ba.
237 2199 280 2261 At
294 2223 353 2262 nou
368 2201 568 2285 injucundum.
615 2198 739 2263 Videbis
753 2213 784 2262 et
798 2199 941 2263 fateberis.

155 2281 189 2346 V
186 2283 206 2345 i.
230 2283 314 2356 Quid
329 2285 420 2346 sinos
435 2285 494 2346 duo
509 2275 650 2346 micemus
665 2283 778 2366 digitis?

149 2364 210 2430 Po.
235 2367 375 2450 Ignavum
390 2381 435 2430 est
449 2389 483 2430 ao
498 2369 637 2430 rusticum
651 2367 731 2430 lusts
756 2387 856 2450 genus.
902 2365 953 2428 Ad
979 2363 1077 2429 focum
1093 2341 1096 2346 Ι

107 2449 303 2514 desidentibus
318 2453 410 2536 magis
423 2452 560 2514 convenit
575 2451 662 2550 quim
677 2451 707 2514 in
720 2471 827 2534 campo
842 2449 1029 2513 versantibus.

155 2535 190 2597 V
187 2535 208 2596 i.
233 2535 318 2608 Quid
332 2536 356 2597 si
370 2550 515 2598 certemus
529 2536 674 2598 nucrbus?

130 2608 132 2615 ’
145 2616 209 2762 life.
234 2617 336 2682 Nuces
349 2619 508 2682 admodum
522 2621 618 2704 pueris
632 2619 839 2703 relinquamus,
853 2639 907 2680 nos
928 2617 1077 2703 grandius·

106 2721 145 2763 cu
157 2722 166 2760 r
180 2721 289 2762 sumus.

151 2782 204 2846 Vt.
229 2781 270 2845 Et
284 2798 385 2846 tamen
399 2785 470 2847 nihil
485 2784 563 2846 aliud
577 2784 673 2848 adhuc
684 2784 778 2868 'quam
792 2788 875 2868 pueri
889 2805 998 2847 sumus.

149 2867 209 2932 Po.
234 2867 295 2930 Sed
311 2869 414 2952 quibus
430 2869 568 2931 decorum
584 2881 629 2930 est
637 2869 743 2930 ludere
755 2869 889 2946 nucibuS,
899 2867 1003 2930 iisdem
1013 2890 1074 2931 non

106 2954 277 3017 indecorum
292 2965 336 3013 est
351 2953 483 3034 equitare
498 2950 531 3014 ira
546 2949 693 3014 arundine
716 2951 816 3036 langii.

155 3037 207 3101 Vt.
231 3033 281 3097 Tu
299 3035 391 3120 igitur
405 3037 580 3118 prescribito
594 3035 675 3098 lnsirs
689 3057 780 3119 genus
790 3058 798 3113 ;
820 3055 926 3120 sequar
945 3058 1076 3120 quocun-

107 3143 164 3206 que
180 3119 300 3184 vocaris.
1050 3129 1053 3135 '

149 3203 209 3268 Pa.
234 3204 275 3268 Et
289 3225 344 3288 ego
358 3201 470 3266 futums
484 3223 549 3266 sum
564 3205 695 3266 omnium
710 3204 845 3266 horarum
859 3203 959 3268 homo.

518 3383 603 3438 001..
627 3383 677 3437 1v.

434 3499 574 3554 erarius,
595 3498 748 3541 aurnuns.
775 3548 781 3560 .

149 3557 277 3645 Sylvius.
301 3561 366 3626 Cur
379 3562 456 3624 aded
469 3561 568 3639 curris,
582 3559 733 3624 loannes?

1214 2865 1231 2925 t·
