2492 4038
602 248 650 318 74

603 432 656 490 27.

551 529 710 585 CERVUS.

193 616 318 695 Cervus,
333 616 431 681 altero
445 617 539 682 oculo
559 629 679 700 captus,
699 621 786 703 juxta
809 641 893 684 mare
916 620 1002 702 pasci
1026 641 1101 685 con-

151 711 303 778 sueverat,
327 702 372 764 ita
399 712 434 764 ut
455 702 607 785 integrum
628 704 755 766 oculum
785 704 816 766 in
839 715 951 766 terram
971 703 1101 768 haberet

149 803 289 932 Etrurii:
312 784 389 849 nihil
411 785 638 871 enimwpericuli
660 786 821 860 videbatur
842 807 860 850 e
882 787 958 850 mari
982 786 1100 868 impen-

192 889 236 931 re.
718 921 724 928 .
868 916 876 924 ,
1156 923 1158 928 .

192 953 271 1016 cum
295 963 398 1015 autem
416 952 493 1016 fortir
517 952 603 1016 navis
618 952 902 1036 praeterveheretur,
917 953 970 1034 qui
992 952 1024 1014 in
1045 952 1099 1016 illa

149 1036 379 1111 erantfdirecta
393 1036 425 1098 in
440 1057 565 1099 cervum
579 1037 700 1118 sagitta,
717 1037 876 1098 incautum
889 1036 1054 1100 confixere.

190 1117 249 1181 Ille
263 1119 361 1198 ictus3
382 1120 437 1184 Me
459 1120 613 1196 miserum,
635 1120 743 1200 inquit,
768 1130 958 1200 quantopere
982 1119 1096 1200 decep-

147 1211 197 1264 tus
212 1201 265 1298 sui,
280 1203 333 1298 qui
355 1223 374 1298 a
395 1203 475 1268 terri
493 1203 599 1280 metui,
624 1204 714 1266 undis
738 1203 842 1280 fretus,
856 1223 874 1266 c
889 1203 1002 1285 quibus
1021 1201 1096 1266 mihi

147 1305 229 1349 mors
243 1297 425 1350 immittitur.

189 1594 238 1658 Ad
253 1593 316 1658 incl
331 1591 487 1676 profirsum
509 1507 798 1676 intffilsfflfflam
820 1591 998 1657 advolantes
1014 1614 1096 1658 mus-

146 1696 204 1753 cae,
219 1677 302 1742 illius
321 1677 499 1742 dulcissimo
521 1699 617 1741 succo
635 1678 855 1762 jucundissime
877 1678 1092 1759 pascebantur.
1202 1751 1203 1756 γ

188 1761 252 1824 Sed
263 1762 464 1844 jainamma,
483 1761 554 1823 crim
568 1761 700 1824 avolare
711 1761 836 1837 vellent,
850 1759 982 1842 pedibus
995 1761 1095 1823 niten-

146 1843 237 1921 tibus,
252 1844 347 1908 etiarn
368 1844 424 1906 alis
445 1845 478 1906 in
499 1853 610 1908 tenace
633 1844 751 1925 liquore
773 1843 983 1908 haerentibus:
1002 1844 1094 1906 mori·

145 1937 233 2005 turae,
247 1927 277 1991 O
289 1928 421 2005 miserae,
435 1927 586 2020 inquiuntj
600 1927 769 2011 quantillus
792 1927 882 1992 nobis
906 1927 996 1992 cibus
1016 1927 1095 1990 inte-

144 2011 237 2076 ritum
251 2011 363 2076 attulit.
413 2041 417 2051 ¹

595 2120 647 2180 29.

527 2217 716 2273 TESTUDO.
1101 2253 1107 2264 ,

187 2303 266 2368 cum
288 2299 409 2384 Jupiter
428 2299 583 2366 Junonem
605 2303 751 2380 duxisset,
774 2301 917 2366 invitisse
938 2301 1095 2383 adnupti-

144 2383 194 2450 ale
217 2385 390 2450 convivium
412 2406 520 2450 omnes
542 2387 713 2450 animantes
735 2385 873 2450 traditur.
917 2385 1000 2454 Quae
1023 2386 1095 2448 cinn

144 2470 325 2554 tempestive
345 2469 549 2547 advenissent,
574 2471 640 2534 sola
663 2469 796 2533 cessavit
816 2469 960 2533 testudo:
980 2467 1020 2532 de
1034 2468 1096 2551 qua
1202 2507 1207 2512 -

144 2555 215 2616 cinn
238 2575 364 2617 causam
385 2573 480 2618 morae
504 2554 722 2632 sciscitaretur,
744 2553 902 2636 respondit
923 2551 986 2629 illa,
1008 2551 1098 2614 suani

144 2637 258 2716 cuique
272 2637 398 2700 domum
449 2637 616 2700 atissimam
629 2659 707 2700 esse.

185 2719 294 2800 Itaque
309 2719 403 2780 iratus
436 2719 537 2801 upiter
558 2720 617 2782 hac
632 2741 703 2782 eam
721 2719 813 2801 poeni
834 2717 949 2797 affecit,
963 2727 999 2782 ut
1011 2717 1095 2782 affir-

144 2825 195 2870 am
209 2801 358 2887 perpetui)
373 2802 431 2864 sibi
446 2803 573 2866 domum
586 2823 674 2869 suani
686 2812 809 2888 gestare
824 2811 998 2885 cogeretur.

442 3019 579 3078 'LUPUS
595 2927 659 3076 3iii*
689 3019 787 3075 ovls

187 3107 253 3179 Qui
268 3114 406 3170 evaserat
429 3123 524 3168 canes
546 3105 668 3170 saucius
690 3103 790 3188 lupus,
805 3105 877 3168 cirin
900 3105 966 3170 sine
980 3103 1094 3170 viribus

145 3195 178 3258 in
192 3192 273 3257 terni
283 3191 411 3274 jaceret,
426 3210 445 3252 a
459 3199 664 3272 praetercunte
686 3210 743 3252 ove
765 3189 856 3272 petiit
869 3189 1093 3272 deaprofluente

146 3277 243 3342 rivulo
257 3274 316 3337 sibi
338 3282 446 3356 potum
468 3287 504 3336 ut
526 3273 670 3338 afferret:
691 3271 761 3357 Ego
782 3273 884 3351 facile,
898 3272 1007 3354 inquit,
1028 3281 1096 3336 tum

146 3360 251 3424 cibum
265 3359 422 3420 invenero.
905 3427 908 3432 Ι

187 3443 273 3518 Ovis,
291 3441 403 3504 astuti&
422 3439 591 3518 intellecti,
613 3439 648 3508 Si
670 3461 732 3524 ego
752 3451 861 3524 potum
882 3439 1023 3518 attulero,
1048 3439 1111 3508 in·.

147 3524 424 3610 quit‚mescilicet
438 3545 494 3609 pro
507 3524 583 3590 cibo
594 3543 704 3590 usurus
716 3523 767 3588 sit.
968 3539 970 3546 “
