2492 4038
642 225 690 294 69

650 409 682 468 9.

460 525 625 581 ARUNDO
656 525 706 579 ET
737 525 847 580 OLEA.

183 669 185 679 ι
230 632 325 696 Disce
348 633 457 696 tabant
478 633 518 694 de
540 631 720 694 fortitudine
752 631 824 694 olea
844 640 877 693 et
899 633 1040 697 arundo:
1071 634 1145 698 crim

188 728 293 780 autem
307 654 379 782 oica
403 716 544 778 arundini
570 715 766 798 exprobravit
786 715 1002 793 mobilitatem,
1016 730 1048 780 et
1061 719 1145 798 qudd

188 801 229 862 ad
263 801 402 881 quamvis
438 799 492 861 illa
528 799 673 882 exiguam
708 818 816 860 aurern
850 808 1006 876 tremeret,
1048 801 1146 864 tacuit

189 885 363 1030 mpgp.ita
376 967 430 1029 diu
446 968 525 1050 pdst,
540 965 753 1048 ingruentibus
767 965 875 1044 ventis,
891 965 963 1029 olea
973 976 1061 1030 eruta
1073 967 1145 1037 fuit:

188 1051 306 1114 arundo
320 1061 424 1114 autem
439 1050 643 1114 submissione
658 1050 713 1112 sud
727 1050 937 1162 integritatem
952 1051 1091 1114 servavit.

643 1225 692 1282 10.

375 1341 516 1396 ASINUS
546 1339 597 1396 ΕΤ
622 1339 798 1395 LEONINA
829 1339 969 1394 PELLIS.

233 1447 357 1524 Asinus,
381 1448 479 1510 leonis
501 1447 618 1510 exuviis
639 1447 773 1522 indutus,
792 1459 848 1528 pr'o
870 1445 962 1510 leone
984 1446 1025 1509 ab
1047 1447 1144 1508 omni-

187 1532 247 1594 bus
269 1531 465 1610 habebatur;
487 1541 581 1612 atque
603 1530 741 1593 homiues
763 1529 878 1612 pariter
899 1539 932 1593 et
952 1549 1065 1614 greges
1084 1541 1144 1594 ter-

187 1615 303 1680 ritabat
317 1623 465 1698 tanquam
481 1615 531 1678 leo
545 1625 636 1678 esset.

207 1777 210 1782 ,
230 1701 323 1764 Forte
339 1711 444 1763 autem
459 1721 477 1762 a
492 1709 585 1762 vento
607 1698 819 1762 vehementius
844 1697 981 1779 spirante
1002 1698 1144 1764 detracta

187 1795 234 1848 est
248 1785 277 1847 ei
302 1785 392 1866 pellis
414 1783 563 1862 leonina3
585 1783 647 1863 qud
667 1783 800 1860 nudatus
824 1782 915 1846 facile
937 1783 1144 1866 dignosceba-

187 1878 236 1930 tur
250 1885 318 1931 esse
334 1868 452 1946 asinus3
473 1867 556 1929 unde
572 1865 689 1930 factum
704 1878 752 1928 est
765 1877 921 1934 utomnes
936 1879 1144 1944 accurrerent,
1243 1941 1244 1944 Ἴ

22 1953 23 1960 ’
141 1997 144 2002 -
187 1961 218 2015 et
234 1951 365 2015 fustibus
379 1961 412 2014 et
425 1950 547 2013 baculis
569 1971 641 2013 eum
664 1951 856 2032 acciperent,
870 1951 972 2016 donec
987 1950 1048 2014 illis
1070 1952 1144 2018 setis

187 2055 350 2117 poenarum
364 2033 546 2116 petulantie
562 2053 626 2096 suae
641 2034 788 2097 dedisset.
888 2086 891 2094 .

645 2181 656 2236 1
666 2181 693 2236 l.

421 2291 524 2346 ROSA
555 2289 605 2344 ΕΤ
631 2291 932 2350 ΑΜΑῙίΑΝΤΗϋΒ,’·

28 2424 32 2461 r
121 2463 125 2469 ,
230 2399 323 2461 Juxta
342 2419 445 2461 rosam
468 2407 577 2462 enatus
600 2394 700 2462 firer'at
721 2399 938 2464 arueranthus:
962 2398 1043 2464 hanc
1064 2422 1142 2488 ergo

188 2481 242 2544 ille
257 2482 426 2542 admiratus
447 2491 480 2543 et
492 2483 618 2544 beatem
633 2482 794 2562 praedicat,
818 2505 889 2565 quae
912 2495 1041 2567 aspectu
1063 2487 1141 2551 aded

187 2565 319 2646 pulchra
340 2575 433 2640 esset,
447 2563 683 2645 hominibusque
704 2567 819 2648 pariter
840 2587 878 2630 ac
900 2568 959 2631 diis
980 2569 1140 2648 honorata,

185 2669 249 2725 non
263 2647 363 2710 minus
378 2649 419 2710 ob
437 2648 568 2710 odorem
583 2649 674 2729 quam
689 2650 828 2716 fonnem.

227 2733 286 2795 Cui
300 2731 375 2812 ille3
396 2732 467 2815 Ego
489 2731 623 2813 quidem,
638 2733 668 2796 Ο
682 2736 871 2813 amaranthe,
894 2737 934 2800 ed
955 2737 1049 2804 breve
1063 2750 1140 2804 tem-

184 2836 241 2897 pus
256 2816 353 2878 floreo
374 2816 527 2896 vivoque3
548 2826 580 2878 ct
602 2816 748 2881 licetine
771 2840 864 2882 nemo
885 2822 1044 2904 decerpet,
1068 2843 1139 2887 mea

183 2911 287 2962 tamen
309 2900 429 2982 speeies
444 2901 560 2963 decora
574 2901 637 2966 eitd
651 2902 776 2965 interit:
799 2913 861 2968 tuae
876 2905 947 2970 verd
971 2908 1139 2970 venustatis
1243 2939 1244 2942 ¹

182 2983 342 3066 elegantia
355 2983 500 3066 perennis
514 3004 697 3066 semperque
712 2985 832 3050 eadem.

636 3129 684 3186 12.
799 3174 804 3185 .

496 3239 585 3293 'LEO
616 3240 665 3294 ΕΤ
696 3243 815 3300 RANA.

226 3348 305 3420 Leo,
321 3343 432 3406 auditis
456 3365 539 3406 ranae
554 3343 751 3423 clamoribus,
771 3348 901 3429 primurn
924 3338 1027 3416 animo
1048 3355 1138 3419 valde
1243 3343 1244 3374 d

182 3429 343 3514 perculsus
359 3437 415 3503 est,
429 3427 512 3508 qudd
527 3429 668 3491 crederet
681 3430 842 3512 ingentem
860 3431 1048 3502 animantem
1062 3460 1137 3503 auc·
1153 3445 1156 3451 ·
1238 3429 1244 3490 i

183 3527 281 3578 torem
296 3533 364 3576 esse
380 3512 457 3574 tanti
472 3510 626 3574 clamoris.
998 3513 1000 3520 ’
1189 3544 1192 3552 ,
