2472 4038
586 219 656 290 126

176 393 236 462 Ph.
260 398 352 482 Atqui
366 399 414 460 illa
427 397 507 461 cerni
521 419 578 460 non
592 411 697 481 potest.

175 479 239 542 Ne.
254 546 258 552 ,
271 481 391 558 Fateor,
411 477 555 564 corporeis
584 482 695 558 oculis3
732 501 834 542 verum
855 480 986 544 comitur
1008 481 1107 546 oculis

134 564 231 640 animi,
247 587 310 660 que
325 585 392 647 pars
405 577 449 628 est
464 565 586 626 hominis
607 565 710 647 potior.
754 562 795 626 Et
816 563 866 624 ubi
888 584 972 626 amor
993 580 1037 627 est
1059 566 1106 628 in·

132 647 286 724 credibilis,
300 649 338 710 ibi
352 669 466 710 summa
480 647 609 731 voluptas
623 647 697 710 adsit
711 659 837 730 oportet,
852 647 965 730 quoties
987 649 1106 711 ardmus

131 731 265 792 cum'tali
280 731 375 792 amicit
388 731 581 813 congreditur.

174 811 235 876 Ph.
260 813 423 876 Verisimile
437 835 542 876 narras.

173 895 237 958 Ne.
259 895 275 958 Ι
301 918 379 960 nunc
403 911 433 958 et
456 917 600 972 somnum,
625 895 725 958 mortis
747 896 916 980 imaginem,
941 917 1013 960 cum
1042 896 1105 961 hac
1131 889 1134 894 ¹
1186 929 1190 936 ·

130 979 278 1060 voluptate
291 993 449 1055 commuta,
463 978 486 1040 si
501 979 624 1041 videtur.

172 1061 231 1126 Ph.
258 1061 369 1124 Verum
383 1061 497 1124 interim
512 1075 636 1145 pereunt
650 1061 782 1124 nocturni
797 1062 888 1124 lusus.
933 1057 939 1065 ’

171 1144 234 1208 Ne.
257 1145 342 1206 Bene
367 1159 498 1226 pereunt,
524 1167 588 1228 qua
616 1145 715 1228 pejora
738 1145 917 1222 melioribus,
942 1143 1104 1209 inhonesta

128 1227 281 1312 preclaris,
318 1227 463 1290 vilissima·
489 1227 699 1308 pretiosissimis
737 1242 948 1311 permutantur.
1008 1229 1102 1292 Bene

127 1311 224 1394 perdit
238 1311 396 1394 plumbum,
408 1310 455 1392 qui
471 1310 541 1372 illud
556 1309 639 1372 vertit
654 1310 683 1370 in
695 1332 806 1372 aurum.
851 1309 982 1374 Noctem
994 1327 1103 1375 natura

126 1415 230 1458 somno
254 1395 368 1471 tribuit;
388 1395 431 1455 sol
445 1394 580 1455 exoriens
594 1412 661 1456 cum
675 1414 762 1454 omne
777 1393 969 1458 animantium
990 1416 1101 1478 genus,

126 1491 189 1540 tum
214 1476 359 1574 precipue
385 1476 544 1551 hominem,
567 1475 604 1538 ad
630 1476 693 1538 vitae
717 1477 816 1537 munia
839 1492 969 1539 revocat.
1029 1478 1102 1562 Qui

126 1560 284 1648 dormiunt,
298 1560 389 1644 inquit
404 1558 524 1634 PauluS‚
534 1564 616 1620 necle
630 1558 777 1620 dormiunt
784 1581 795 1634 ;
818 1559 915 1643 etqui
929 1559 1006 1622 ebrii
1014 1571 1100 1639 sunt,

124 1653 208 1706 nocte
222 1643 297 1706 ebrii
309 1653 384 1705 sunt.
429 1641 556 1704 Pminde
571 1641 640 1724 quid
662 1641 771 1725 turpius
793 1641 882 1724 quim
904 1643 973 1704 cirm
995 1645 1101 1708 omnia

125 1725 280 1788 animantia
300 1747 367 1788 cum
389 1725 448 1786 sole
470 1725 718 1806 expergiscantur,
742 1727 877 1808 quedam
898 1726 988 1788 etiam
1010 1727 1099 1790 illum

123 1808 254 1870 nondum
268 1819 464 1890 apparentem,
479 1807 532 1868 sed
547 1805 762 1882 adventantem,
773 1822 861 1870 cantu
876 1809 1012 1886 salutent,
1023 1812 1099 1874 crim

123 1890 297 1972 elephantus
320 1889 412 1952 solem
427 1888 567 1950 orientem
581 1887 691 1965 adoret,
703 1889 852 1953 hominem
867 1891 918 1954 dih
932 1906 1000 1978 post
1022 1895 1097 1960 solis

122 1985 258 2036 exortum
282 1973 424 2036 stertere?
446 1969 571 2044 Quoties
600 1992 704 2034 aureus
728 1973 775 2035 ille
800 1975 940 2057 splendor
967 1976 1098 2041 illustrat

121 2055 299 2118 cubiculum*
315 2068 409 2130 tuum,
437 2075 534 2116 nonne
562 2054 676 2116 videtur
707 2057 886 2139 exprobrare
923 2059 1094 2124 dormienti.

122 2145 142 2175 ‘⁴
152 2137 256 2216 Stulte,
271 2137 339 2222 quid
354 2137 493 2220 optimam
507 2137 573 2199 vite
593 2151 648 2200 tua
671 2153 785 2221 partem
805 2141 917 2224 gaudes
939 2145 1094 2224 perdere?

120 2241 180 2284 rron
195 2223 224 2284 in
237 2224 294 2284 hoc
307 2222 403 2296 luceo,
417 2233 449 2281 ut
470 2219 555 2282 abditi
577 2221 732 2298 dormiatis,
747 2221 799 2286 sed
820 2238 852 2286 ut
878 2224 966 2287 rebus
980 2227 1095 2290 hones·

119 2303 235 2366 tissimis
256 2303 411 2384 invigiletis
455 2301 554 2364 Nemo
574 2303 721 2366 lucernam
743 2307 877 2370 accendit
898 2321 931 2370 ut
952 2309 1092 2388 dormiat,

118 2387 173 2447 sed
187 2402 220 2450 ut
235 2386 338 2470 aliquid
352 2385 447 2466 operis
468 2400 549 2467 agat:
572 2388 660 2448 etad
682 2387 758 2450 hanc
780 2388 930 2454 lucernam
952 2395 1091 2456 omnium

118 2470 341 2548 pulcherrimam
355 2467 424 2530 nihil
439 2467 516 2530 aliud
531 2489 619 2552 quam
634 2471 746 2534 stertis?
757 2471 775 2502 ’'

160 2551 220 2612 Pi.
243 2550 328 2612 Belli
345 2550 499 2614 declamas.
869 2624 871 2632 Ι

158 2631 219 2693 Ne.
243 2632 311 2692 Non
333 2632 419 2706 helle,
434 2635 487 2694 sed
508 2634 586 2696 veri.
631 2636 708 2718 Age,
730 2661 789 2702 non
811 2641 911 2704 dubito
933 2643 1004 2724 quin
1027 2641 1089 2706 sre-

118 2728 240 2796 quenter
253 2713 393 2774 audiveris
407 2715 477 2774 illud
498 2714 631 2792 Hesiodi,
647 2717 723 2780 Sera
737 2721 876 2804 infundo
885 2725 1086 2808 parsimonia.

159 2797 217 2860 Ph.
241 2793 494 2878 Frequentissimi.
539 2797 619 2860 Nam
641 2799 671 2861 in
696 2801 764 2872 dolii
790 2807 890 2868 medio
911 2807 1014 2872 viuum
1041 2825 1088 2874 est

116 2881 270 2962 optimum.
752 2911 755 2920 ·

157 2963 217 3062 ilfa
241 2957 331 3042 Atqui
344 2957 374 3018 in
388 2958 447 3022 virt
461 2961 552 3043 prima
573 2983 649 3046 pars,
660 2965 795 3032 nimirum
816 2971 1024 3050 adolescentia,
1039 2988 1085 3038 est

115 3061 234 3109 otrma.

134 3067 215 3194 pPh.
239 3122 377 3188 Pmsectd
391 3123 432 3184 sic
447 3138 498 3188 est

155 3211 217 3276 Ne.
241 3209 284 3270 At
299 3204 458 3268 diluculum
472 3207 529 3270 hoc
544 3225 588 3272 est
601 3211 668 3289 diei,
684 3217 763 3297 quod
785 3218 982 3284 adolescentia
1004 3223 1081 3288 vite.

113 3296 161 3358 An
176 3315 235 3356 non
249 3289 332 3372 igitur
344 3286 431 3350 stulte
446 3287 553 3354 faciunt
567 3294 616 3376 qui
630 3297 856 3368 adolescentiam
877 3304 972 3390 nugis,
987 3321 1084 3371 matu·

112 3377 184 3440 tinas
200 3375 286 3434 horas
299 3391 402 3432 somno
421 3372 567 3455 perdunt?

153 3454 214 3520 Plr.
239 3453 290 3518 Sic
309 3467 437 3536 apparet.
