2472 4038
187 530 378 598 Hirundines
402 532 469 597 luto
491 531 581 597 nidos
602 541 790 609 constnrunt,
810 539 977 596 stramento
1000 531 1091 597 robo-

146 628 225 680 rant.

189 702 291 784 Major
305 700 463 764 redditur
455 721 559 784 imago
573 699 645 762 solis
659 720 738 794 quae.
744 719 800 794 per
813 700 928 762 nubem
941 699 1072 761 videtur.

190 786 299 848 Sidera
313 785 462 879 ampliora
474 804 530 865 per
544 784 660 846 nubem
674 782 837 864 aspicienti
851 782 1002 844 videntur.

189 868 301 931 Nullus
329 867 482 949 pernicior
503 867 598 929 hostis
619 876 676 942 est,
704 867 795 947 quhm
823 879 916 948 quem
943 864 1094 928 audacem

146 952 296 1035 angustiae
312 951 438 1014 faciunt.

188 1035 326 1116 AEgyptii
341 1045 473 1115 quatuor
486 1033 642 1096 elementa
655 1031 778 1112 secdre;

143 1118 310 1194 Aerem,
325 1138 448 1198 aquam,
462 1117 577 1199 ignem,
593 1128 715 1180 terram.

186 1200 288 1263 Omne
300 1220 421 1296 corpus,
437 1221 499 1282 quo
513 1199 640 1262 solidius
661 1209 718 1277 est,
740 1198 800 1263 hoc
821 1197 936 1262 diutius
957 1198 1094 1262 calorem

144 1294 178 1348 et
191 1283 330 1367 concipit
342 1293 375 1348 et
388 1293 498 1347 servat
660 1345 662 1350 .

118 1421 123 1430 .
598 1373 647 1429 15

187 1451 323 1515 Dimidia
346 1472 417 1534 pars
439 1450 547 1514 mundi
571 1471 692 1533 semper
715 1469 808 1534 supra
827 1449 1026 1556 horizontem,
1047 1447 1095 1511 di-

145 1534 240 1598 nudis
253 1535 332 1598 mfra
345 1544 402 1598 est
1174 1603 1180 1612 ,

187 1618 296 1682 Omnis
311 1623 372 1694 ae'r,
387 1638 449 1713 quo
471 1617 596 1702 propior
613 1617 711 1709 terris,
725 1616 786 1680 hoc
800 1615 930 1682 crassior
943 1625 1010 1680 est.
1031 1634 1094 1698 quo

146 1702 266 1778 editior,
280 1703 342 1765 hoc
356 1701 475 1796 purior.

165 1749 277 1930 alNihil
291 1795 339 1848 est
353 1795 416 1847 tam
429 1783 575 1866 exiguum
589 1783 672 1864 quod
686 1803 749 1847 non
770 1782 803 1846 in
824 1782 995 1865 perniciem
1020 1782 1094 1863 satis

145 1888 164 1930 v
196 1878 257 1930 eat.

187 1951 339 2015 Neutrum
354 1949 531 2013 faciendum
544 1958 601 2026 est,
619 1958 784 2033 utmmque
805 1949 889 2014 enim
913 1959 961 2014 est
975 1950 1093 2028 vitium,

144 2035 287 2099 omnibus
301 2033 438 2108 credere,
452 2043 485 2096 et
497 2032 585 2096 nulli.

187 2118 352 2182 Neminem
375 2116 521 2180 excelsi'
513 2117 630 2200 ingenii
654 2117 751 2182 virum
769 2117 899 2182 humiha
918 2128 951 2183 et
972 2118 1094 2182 sordida

143 2203 313 2267 delectant.

187 2287 260 2350 Non
274 2283 393 2348 faciunt
405 2283 565 2348 meliorem
578 2305 693 2368 equum
706 2285 791 2350 aurei
805 2285 902 2365 fraeni.
922 2309 925 2314 ·

187 2452 342 2519 Animalia
355 2453 508 2534 quaedam,
532 2472 572 2514 ne
594 2451 722 2516 inveniri
747 2453 873 2535 possint,
887 2452 1019 2536 vestigia
1039 2471 1095 2516 sua

143 2539 228 2602 circa
241 2537 346 2600 cubile
360 2558 449 2600 suum
463 2536 666 2638 confimdpnt.

186 2621 342 2714 Qpaedam
371 2621 550 2696 rectissima,
579 2621 650 2682 crim
671 2620 703 2683 in
725 2639 837 2703 aquam
858 2629 930 2683 sunt
952 2619 1093 2698 demissa,
1121 2647 1126 2656 ·

143 2703 281 2797 speciem
295 2723 379 2764 curvi
370 2703 562 2764 visentibus
576 2704 718 2765 reddunt.

187 2786 318 2867 Sapiens
342 2784 418 2846 nihil
441 2785 561 2867 judicat
584 2805 673 2847 suum
694 2785 802 2868 magis,
825 2788 916 2866 quam
937 2785 1027 2870 cujus
1048 2785 1093 2852 illi

144 2891 217 2934 cum
230 2868 366 2930 hmnano
380 2888 495 2949 genere
510 2868 699 2930 consortium
712 2879 769 2931 est.

185 2954 296 3016 Tenue
310 2961 358 3014 est
370 2951 581 3030 mendacium3
602 2951 780 3035 perlucet
757 2973 782 3015 ιι
797 2951 980 3037 diligenter
972 2973 1094 3036 mspex-

143 3037 234 3196 eriIsd,
249 3117 332 3200 quod
346 3113 560 3198 paupertatem
573 3118 663 3182 nobis
687 3139 814 3204 gravem
827 3118 911 3197 facit,
925 3131 959 3186 et
971 3121 1094 3186 divitias
1183 3208 1186 3211 Ι

143 3225 253 3290 graves
267 3201 370 3266 faciet.
598 3292 648 3348 17

186 3367 278 3432 Diem
299 3389 361 3432 nox
378 3367 499 3451 premit,
513 3367 580 3431 dies
594 3379 739 3448 noctem3
761 3380 852 3434 aestas
866 3392 898 3434 m
912 3381 1093 3468 autumnum

145 3452 267 3528 desinit,
282 3463 430 3516 autunmo
445 3450 571 3534 hyems
564 3463 666 3529 instat,
681 3475 751 3534 quae
774 3465 807 3520 et
824 3476 895 3520 vere
921 3455 1093 3542 compesci·

146 3545 214 3601 tur·
235 3536 339 3601 omnio
353 3547 512 3603 nameunt
525 3546 560 3603 ut
573 3547 772 3604 revertantur.
