2492 4038
557 377 608 436 36.

146 473 229 538 Dum
256 473 395 539 lacobus
418 474 596 556 loqueretur
617 495 690 539 cum
712 476 896 558 pastoribus,
924 473 1056 559 Rachffl

105 557 169 704 ᾗίἰζ
189 559 320 636 Labani‚
335 559 420 622 venit
433 579 506 622 cum
520 579 633 642 pecore
648 570 798 642 paterno:
818 581 891 624 nam
905 562 974 646 ipsa
986 585 1058 648 pas·

105 662 143 706 ce
168 652 201 714 at
214 663 354 726 gregem.
457 687 460 698 t
997 682 1002 700 ι

146 725 317 789 Confestim
340 726 488 804 lacobus,
502 727 610 790 videns
632 737 800 810 cognatam
822 747 920 804 suam,
942 730 1067 793 amovit·

85 806 243 894 *lapidem
257 810 298 873 ab
312 831 366 873 ore
380 811 477 898 putei.
522 811 592 894 Ego
613 831 691 888 sum,
712 811 822 892 inquit,
838 811 919 874 filius
932 812 1058 876 Rebec-

105 913 164 969 cae,
179 903 211 955 et
225 893 383 956 osculatus
397 903 445 956 est
458 913 538 956 eam.

148 976 269 1038 Rachel
285 976 432 1040 festinans
445 978 605 1041 nunciavit
619 979 698 1060 patri
712 998 778 1054 suo,
789 978 842 1059 qui
857 979 987 1062 agnovit
1001 979 1059 1042 fili-

106 1079 159 1122 um
173 1061 283 1123 sororis
298 1081 373 1138 suae,
384 1061 533 1144 deditque
548 1062 578 1126 ei
592 1061 766 1138 Rachelem
775 1063 1058 1130 inmetrimonium·
1078 1071 1084 1110 ἱ

560 1187 611 1245 37.

148 1284 286 1348 Iacobus
300 1285 354 1348 diu
369 1295 575 1350 commoratus
590 1294 638 1349 est
651 1285 735 1367 apud
748 1283 927 1346 Labanum:
941 1283 1061 1346 interea

106 1369 181 1432 mire
196 1369 282 1432 auxit
295 1391 360 1432 rem
373 1391 472 1450 suam,
486 1380 520 1433 et
533 1369 633 1432 sactus
647 1378 695 1432 est
708 1368 804 1432 dives

149 1452 262 1536 Longo
283 1454 353 1536 pdst
373 1464 512 1538 tempore
527 1453 704 1520 admonitus
717 1471 736 1515 a
749 1451 819 1515 Deo
840 1449 932 1516 rediit
953 1451 985 1514 in
1007 1469 1061 1534 pa·

108 1537 199 1601 triam
213 1549 311 1600 suam.
771 1531 803 1568 ‘⁵
1154 1527 1158 1546 ⁴

151 1621 383 1688 Extimescebat
404 1623 481 1684 iram
507 1621 608 1684 fratris
624 1619 692 1682 sui:
713 1629 749 1682 ut
770 1618 910 1700 placaret
924 1618 1062 1681 animum
1093 1637 1095 1649 ¹

108 1705 185 1789 ejus,
196 1705 344 1785 praemisit
358 1705 399 1767 ad
409 1725 481 1768 erun
494 1705 637 1779 ntmcios,
651 1703 705 1784 qui
716 1701 863 1766 offerrent
878 1703 908 1765 ei
921 1721 1060 1764 munera.
1139 1763 1142 1768 .

151 1789 248 1850 Esa'ds
261 1788 420 1870 mitigatus
435 1787 572 1851 occurrit
585 1786 707 1850 obviam
721 1785 842 1848 lacobo
863 1785 1039 1848 advenienti
1054 1807 1062 1846 z

108 1872 216 1935 insiliit
229 1871 261 1933 in
283 1871 400 1934 collum
414 1871 490 1955 ejus,
506 1871 645 1953 flensque
658 1867 816 1933 osculatus
838 1879 886 1933 est
904 1888 986 1946 eum,
1000 1887 1061 1932 nec
1167 1893 1183 1960 ··

108 1955 277 2038 quidquem
291 1954 344 2020 ille
358 1955 478 2020 nocuit.

468 2069 469 2072 ’
563 2073 611 2132 38.

152 2168 291 2233 lacobus
312 2167 422 2231 habuit
442 2167 609 2232 duodecim
631 2165 720 2244 filios,
738 2166 819 2230 inter
840 2187 918 2249 quos
932 2176 998 2230 erat
1011 2165 1064 2232 Jo-

110 2253 224 2336 sephus
235 2276 245 2331 3
273 2252 357 2316 hunc
379 2253 467 2334 pa'ter
488 2251 613 2314 ornabat
632 2270 698 2333 prae
720 2251 853 2327 ceteris,
872 2251 946 2332 quia
968 2271 1063 2314 senex

111 2348 263 2483 gepuerat
278 2357 361 2401 etun.
405 2335 545 2405 Dederat
564 2334 611 2398 illi
631 2345 737 2419 togam
751 2343 867 2398 textam
881 2355 899 2398 e
914 2335 974 2398 filis
987 2335 1064 2398 varii

112 2443 152 2484 co
165 2439 235 2484 ons.

155 2505 262 2573 Quam
282 2505 324 2568 ob
347 2523 475 2568 oausam
488 2502 643 2587 Iosephus
655 2511 724 2566 erat
745 2501 859 2564 invisus
884 2501 946 2564 suis
967 2501 1066 2568 fratri·
1155 2523 1159 2536 ¹

112 2588 181 2663 but,
203 2589 374 2670 praesertim
395 2598 559 2670 postquam
582 2585 766 2650 narravisset
787 2585 833 2648 eis
856 2585 972 2667 duplex
986 2605 1066 2647 sorn-

114 2672 210 2746 nium‚
226 2691 289 2750 quo
303 2670 405 2733 futura
419 2671 486 2752 ejus
499 2670 682 2753 magnitudo
697 2669 948 2751 portendebatur·
1007 2731 1010 2736 .

157 2754 299 2818 Oderunt
320 2753 408 2816 illum
430 2763 590 2838 tantopere
622 2762 658 2816 ut
685 2772 748 2814 non
777 2763 904 2834 possent
930 2772 1004 2815 curn
1025 2773 1065 2816 eo

11 2903 12 2906 ,
107 2839 214 2903 'arnico
230 2837 325 2920 loqui.

490 2943 663 3024 'stt

158 3059 239 3124 llaec
254 3079 345 3143 porro
367 3069 456 3122 erant
477 3053 755 3142 Josephi'somnia.
799 3055 1000 3140 Ligabamus,
1022 3063 1069 3120 in·

116 3143 298 3228 quit,.si1nul
316 3142 492 3225 manipulos
513 3143 546 3207 ir't
567 3163 664 3227 agro:
685 3162 763 3206 ecce
784 3140 960 3223 manipulus
980 3161 1069 3204 meus

116 3229 264 3311 surgebat
278 3237 310 3296 et
330 3227 433 3292 stabat
453 3237 578 3306 rectus3
600 3227 691 3292 vestri
713 3235 818 3290 autem
838 3225 988 3309 manipuli
1009 3225 1069 3288 cir·

116 3323 306 3376 cumstantes
320 3312 546 3376 venerabantur
559 3333 674 3378 meum.
797 3369 801 3378 ,

157 3396 272 3460 Postea
293 3397 355 3462 vidi
387 3396 420 3460 in
452 3397 566 3462 somnis
598 3395 706 3473 solem,
738 3395 844 3460 lunam
863 3403 897 3458 ct
923 3391 1070 3458 undecim

118 3479 223 3545 stellas
237 3481 400 3546 adorantes
413 3501 476 3549 me.
823 3485 825 3490 ’
