2492 4038
14 3575 137 3658 l·.

608 208 656 278 53

199 471 325 538 Hebraei
340 472 531 536 incedebant
552 493 608 554 per
630 483 769 536 arentem
791 471 923 547 alveum,
943 467 1047 534 donec
1070 465 1110 532 ri-

158 575 228 638 pam
241 557 417 637 oppositam
432 556 629 639 attingerent.

198 642 280 706 Tum
294 662 424 704 reversae
440 651 511 702 sunt
525 661 614 720 aquae
630 641 662 703 in
677 639 781 702 locum
795 639 966 720 pristinum.

198 725 216 788 J
218 747 293 787 osue
308 725 379 788 verb
394 724 560 788 duodecim
575 724 695 806 lapides
708 745 727 786 e
741 723 847 786 medio
861 743 951 786 amne
971 722 1109 806 sublatos

51 849 56 856 -
155 810 262 884 erexit,
278 819 313 871 ut
327 819 431 871 essent
446 829 582 889 perenne
597 809 640 870 rei
654 817 901 871 monumentum.

198 893 285 955 Dixit
312 892 476 954 Hebraeis:
504 891 529 952 si
554 893 677 972 quando
702 913 756 953 vos
779 890 1036 973 interrogaverint
1057 887 1111 950 lilii

60 1025 63 1030 .
155 977 247 1039 vestri
262 997 407 1056 quorsum
422 985 544 1056 spectet
568 975 627 1037 ista
644 975 782 1056 lapidum
796 975 971 1056 congeries
986 992 1113 1054 respon-

88 1071 92 1088 '
154 1060 290 1132 debitis:
312 1060 398 1122 sicco
413 1060 493 1142 pede
509 1059 684 1142 trajecimus
698 1058 866 1121 Jordanem
881 1059 984 1119 istum.

198 1144 323 1206 Idcirco
348 1143 440 1226 positi
471 1153 543 1205 sunt
572 1143 690 1225 lapides
720 1143 760 1203 ad
790 1141 1009 1222 sempiternam
1037 1138 1112 1202 facti

49 1224 51 1230 ’
154 1228 346 1304 memoriam,
360 1238 396 1290 ut
409 1227 532 1291 discant
546 1238 662 1309 quanta
676 1227 715 1289 sit
728 1225 789 1288 Dei
804 1225 954 1307 potentia.

609 1342 660 1399 94.

201 1439 308 1518 Josue,
322 1440 452 1503 devictis
466 1441 608 1503 omnibus
622 1440 796 1504 Palae'stinae
811 1439 945 1522 populis,
958 1437 1114 1502 Hebraeos

155 1523 189 1586 in
215 1524 291 1586 sede
315 1524 472 1588 destinatis
502 1524 690 1586 collocavitz
718 1544 809 1606 agros
830 1534 863 1586 et
883 1522 1001 1605 oppida
1022 1531 1115 1604 capta

154 1607 287 1690 singulis
302 1607 444 1670 tribubus
458 1607 570 1684 divisit,
585 1618 618 1670 et
630 1619 768 1670 mortuus
783 1618 840 1670 cst.

199 1691 322 1754 Deinde
337 1712 457 1753 summa
478 1701 616 1772 potestas
638 1691 744 1754 delata
757 1701 806 1754 est
830 1692 870 1754 ad
895 1689 1020 1767 udices,
1035 1689 1114 1754 inter

59 1769 63 1776 ’
157 1797 235 1858 quos
249 1776 406 1839 eminuere
422 1775 564 1852 Gedeon,
580 1776 712 1839 Samson
726 1786 760 1839 et
774 1777 889 1840 Samuc
904 1819 912 1835 .

200 1860 294 1923 Varia
317 1861 467 1942 deinceps
491 1859 550 1923 firit
574 1859 781 1926 Hebraeorum
802 1860 926 1936 fortuna
945 1879 1002 1942 pro
1023 1858 1115 1920 variis

154 1964 266 2006 eorum
279 1945 435 2006 moribus:
462 1943 484 2006 ii
506 1965 591 2026 saepe
612 1945 645 2007 in
659 1946 762 2008 Deum
776 1955 987 2028 peccaverunt
997 1965 1007 2022 3
1028 1953 1114 2019 tunc,

156 2028 263 2090 divino
274 2027 423 2108 'praesidio
436 2028 586 2104 destituti,
601 2029 641 2090 ab
656 2029 797 2092 hostibus
812 2028 1048 2111 superabantur.

201 2111 336 2180 Quoties
358 2111 398 2174 ad
429 2111 531 2174 Deum
564 2113 715 2190 conversi,
737 2113 805 2196 ejus
826 2111 975 2176 auxilium
1006 2109 1115 2191 implo-

156 2205 312 2272 raverunt,
326 2195 476 2278 placatus
482 2196 568 2260 Deus
583 2218 637 2260 eos
651 2197 804 2260 liberavit.

199 2383 340 2460 Hebraei,
355 2405 374 2446 a
387 2384 568 2448 Madianitis
581 2385 693 2462 vexati,
708 2405 801 2467 opem
822 2405 843 2447 a
855 2385 927 2448 Deo
941 2382 1117 2465 petienmt:

156 2468 246 2531 Deus
260 2469 383 2530 illorum
397 2489 509 2548 preces
524 2469 651 2530 audivit.

170 2593 171 2596 =
203 2551 346 2634 Angelus
368 2551 487 2612 adstitit
512 2551 676 2613 Gedeoni:
697 2549 850 2613 Dominus
871 2561 985 2628 tecum,
1006 2549 1115 2635 inquit,

156 2637 206 2700 vir
221 2633 403 2697 fortissimas

202 2719 378 2801 Respondit
392 2719 545 2783 Gedeon:
567 2719 592 2782 si
612 2719 699 2784 Deus
713 2719 877 2784 nobiscum
891 2729 948 2799 est,
968 2743 1025 2785 cur
1039 2721 1117 2786 dura

158 2804 327 2888 premimur
341 2803 510 2866 servitute?
835 2833 840 2838 ·

203 2887 257 2951 Ait
272 2887 420 2971 angelus:
441 2897 545 2950 macte
560 2887 682 2969 anim03
703 2888 851 2952 liberabis
865 2889 1015 2972 populum
1029 2899 1117 2950 tuum
1140 2879 1144 2885 ’

158 2993 179 3035 a
193 2971 339 3034 servitute
354 2971 605 3034 Madianitarum.

204 3054 343 3116 Nolebat
366 3055 463 3136 primd
479 3055 611 3118 Gedeon
626 3065 746 3118 tantum
761 3077 839 3119 onus
860 3057 1040 3138 suscipere3
1062 3051 1118 3116 sed

159 3137 281 3220 duplici
296 3137 447 3201 miraculo
461 3139 660 3202 confirmatus
674 3161 738 3204 non
752 3141 872 3204 abnuit.

204 3326 347 3403 Gedeon,
361 3335 522 3390 contracto
544 3245 693 3406 exerdllir,
715 3288 873 3410 profectus
895 3332 944 3386 est
968 3342 1041 3388 curn
1060 3325 1117 3390 du·

160 3411 240 3476 obus
267 3419 301 3474 et
328 3411 456 3494 triginta
482 3410 620 3476 millibus
641 3411 811 3487 hominum,
834 3420 867 3472 et
887 3417 988 3472 castra
1009 3411 1118 3475 cestris

163 3493 296 3558 bostium
311 3495 470 3640 οοηῒυὶίὀῐᾏε

1147 3229 1158 3265 l
