2472 4038
557 227 704 316 142⁶

162 425 211 490 et.
235 426 327 510 Atqui
340 425 508 506 complures
522 424 560 486 eo
581 444 614 486 se
628 423 769 508 dejiciunt
781 436 814 485 ut
826 423 943 486 suavila
962 424 1074 488 vivant.

157 509 215 572 Pa.
239 509 366 573 Corraso
394 509 539 584 viaticulo,
564 507 660 570 firrtim
691 528 740 569 me
769 507 896 569 subduxi
923 511 1026 592 procul
1057 530 1076 571 a

136 593 217 656 atrrb.

115 615 135 676 p
163 677 213 739 Gt.
237 676 311 750 Qud
326 676 463 738 tandem?

156 761 216 822 Pa.
240 761 274 822 Iu
289 759 468 822 Hiberniam.
491 758 554 820 lllic
568 756 661 822 factus
671 779 737 820 sum
750 757 907 820 canonicus
918 779 958 820 ex
968 759 1075 822 horum

115 865 222 926 genere
238 845 286 926 qui
301 843 410 906 extima
425 843 493 904 linei
507 857 582 918 sunt,
596 841 697 903 intime
711 841 796 902 lanei.

163 926 212 988 Gt.
236 928 326 1008 Apud
341 926 485 988 Hibernos
499 926 586 1007 igitur
598 924 788 1008 hybernbsti?

157 1010 218 1072 Po.
241 1009 329 1087 N0n;
351 1010 403 1070 sed
418 1009 490 1070 duos
514 1030 631 1072 menses
645 1010 724 1092 apud
746 1008 800 1069 hos
825 1023 966 1085 versatus,
991 1010 1077 1071 navi-

115 1093 179 1173 gavi
193 1095 222 1154 in
237 1093 376 1154 Scotiam.

161 1175 212 1238 Gt.
235 1175 319 1248 Quid
333 1190 363 1238 te
378 1175 500 1238 offendit
513 1176 591 1258 apud
605 1176 687 1237 illos?

156 1257 217 1320 Po.
240 1259 333 1335 Nihil,
358 1261 411 1322 nisi
436 1259 515 1342 qudd
543 1260 703 1322 institutum
728 1257 799 1319 illud
826 1258 897 1319 mihi
922 1259 1076 1321 videbatur

115 1342 211 1405 mitius
225 1343 313 1426 quam
327 1365 381 1425 pro
395 1343 503 1405 meritis
514 1343 585 1426 ejus,
598 1343 646 1426 qui
661 1363 719 1404 non
729 1363 788 1403 uno
803 1341 959 1424 suspendio
970 1343 1075 1426 dignus

117 1441 188 1488 erat.

158 1509 219 1572 Eu.
243 1509 326 1583 Quid
340 1509 370 1572 in
385 1510 487 1573 Scotid
500 1510 681 1593 designatum
696 1509 763 1571 est?

156 1594 216 1656 Pa.
240 1594 303 1656 Illic
318 1615 357 1656 ex
370 1594 448 1656 lineo
459 1594 551 1656 sactus
566 1615 630 1654 sum
642 1593 780 1674 pelliceus
791 1590 869 1676 apud
879 1591 1062 1655 Carthusios.

156 1676 219 1739 Eu.
243 1677 386 1739 Homines
401 1677 488 1759 plane
502 1677 612 1738 mundo
625 1689 761 1736 mortuos.

156 1760 218 1822 Pu.
240 1759 286 1821 Ita
299 1760 370 1821 mihi
385 1759 478 1821 visum
493 1773 547 1834 est,
562 1779 631 1820 cum
645 1758 777 1820 audirem
790 1758 855 1819 illos
868 1771 1013 1821 canentes.
1143 1828 1147 1836 ,

161 1840 210 1904 Gt.
234 1842 335 1915 Quid!
357 1857 466 1905 canunt
480 1842 568 1904 etiam
581 1841 706 1904 mortui?
749 1839 833 1916 Quot
855 1861 972 1904 menses
992 1843 1073 1926 apud

113 1926 177 1990 illos
191 1925 272 2008 egisti
286 1925 411 1986 Scotus?

155 2009 217 2074 Pa.
240 2007 460 2091 Propemodum
475 2029 540 2072 sex.
570 2007 572 2012 ’

160 2091 210 2156 Gt.
233 2092 263 2154 Ο
278 2093 487 2155 constantiam!

155 2175 217 2240 Eu.
242 2175 326 2249 Quid
340 2177 397 2238 illic
412 2176 532 2239 offendit
544 2178 555 2238 l

155 2260 213 2324 Pa.
238 2259 319 2332 Quia
337 2259 408 2320 mihi
431 2261 492 2321 visa
506 2273 550 2321 est
563 2259 623 2320 vita
636 2260 732 2341 segnis
746 2279 780 2320 ac
800 2258 942 2337 delicata3
964 2261 1071 2324 deinde

113 2347 217 2408 multos
231 2344 289 2406 illic
303 2343 396 2425 reperi
410 2364 469 2404 non
484 2342 642 2404 admodum
656 2343 717 2403 sani
740 2342 861 2418 cerebri,
883 2343 921 2403 ob
944 2344 1070 2406 solitudi·
1137 2371 1146 2388 ,

113 2450 192 2505 nem,
206 2442 239 2490 ut
256 2427 384 2488 arbitror.
429 2425 504 2487 Mihi
518 2425 621 2508 parirm
656 2439 717 2487 erat
740 2425 862 2501 cerebri,
886 2427 1008 2488 verebar
1031 2448 1070 2489 ne

111 2524 205 2574 totum
222 2511 334 2593 periret.

152 2594 210 2655 Po.
235 2592 308 2664 Qud
323 2593 429 2654 deinde
444 2591 607 2654 devolbsti?

153 2675 214 2738 Po.
236 2674 270 2734 ln
296 2674 428 2737 Galliam.
473 2675 533 2736 Illic
558 2675 652 2756 reperi
678 2675 818 2756 quosdam
840 2689 914 2741 totos
936 2675 1080 2756 pullatos„

112 2781 151 2822 cx
166 2757 295 2818 instituto
310 2756 367 2817 divi
389 2756 554 2831 Benedicti,
571 2757 619 2839 qui
641 2758 739 2818 colore
764 2759 851 2820 vestis
874 2771 1012 2820 testantur
1035 2780 1068 2819 se

112 2845 210 2926 lugere
225 2841 254 2902 in
264 2839 320 2899 hoc
335 2839 465 2917 mundo;
487 2853 517 2901 et
538 2840 613 2901 inter
635 2840 689 2900 hos
710 2841 758 2923 qui
773 2863 825 2924 pro
850 2840 974 2902 summit
987 2855 1069 2902 veste

13 2953 16 2960 ¹
111 2926 235 2989 cilicium
250 2921 355 2984 ferrent
369 2923 421 2984 reti
435 2923 537 2985 simile.

158 3007 209 3070 Gt
232 3005 261 3067 O
277 3026 395 3088 gravem
409 3007 538 3088 corporis
552 3007 779 3068 macerationem
793 3009 799 3069 !

153 3093 213 3157 Pa.
237 3088 297 3152 Hic
313 3088 358 3170 egi
372 3110 487 3150 menses
503 3091 648 3152 undecim.

152 3175 214 3237 Eu.
238 3172 321 3246 Quid
335 3172 451 3246 obstitit,
467 3172 525 3255 qud
540 3173 633 3234 minias
648 3173 704 3235 illic
718 3193 852 3234 maneres
867 3173 1033 3274 perpetuis?

40 3251 43 3258 ’
153 3259 212 3320 Ρα.
237 3257 318 3330 Quia
340 3256 405 3338 plus
420 3255 477 3316 illic
501 3256 595 3336 reperi
621 3257 858 3318 caeremoniarum
879 3277 967 3339 quam
992 3277 1068 3318 verae

13 3417 14 3422 ἵ
110 3343 232 3429 pietatis
296 3339 442 3401 Praeterea
471 3339 618 3398 audieram
651 3360 715 3401 esse
741 3340 882 3422 quosdam
907 3340 951 3400 his
975 3339 1069 3402 multb

13 3467 14 3508 Ξ
109 3423 276 3496 sanctiores,
291 3443 363 3503 quos
378 3421 544 3498 Bernardus
567 3420 604 3481 ad
626 3423 799 3484 severiorem
822 3423 1001 3504 disciplinam
1022 3444 1069 3484 re·

13 3515 15 3560 t
109 3502 351 3644 vocbssetapullb.
371 3519 451 3568 veste
472 3501 625 3566 mutatiin
645 3505 816 3568 candidam:
839 3505 918 3588 apud
932 3506 986 3569 hos
1007 3506 1069 3582 vixi

13 3639 14 3642 ,
108 3606 225 3654 menses
260 3604 353 3646 ecem.

13 3709 17 3768 t

149 3668 212 3734 Eo.
236 3665 295 3730 Hic
311 3666 381 3748 quid
395 3668 581 3734 offendebat?
