2472 4038
554 187 624 258 lto

145 363 203 430 Po.
227 367 367 431 Nonnihil
382 367 479 432 furtim
490 368 577 430 dabat
591 379 692 442 mater,
704 385 740 427 ac
751 375 892 448 praterea
903 358 1063 422 condamm

103 462 148 512 est
160 452 222 513 aeris
237 452 321 514 alieni
335 452 402 532 plus
416 453 492 514 satis.

143 533 204 596 Eu.
229 535 463 617 Reperiebantur
476 549 535 596 tam
550 532 630 607 fatui,
644 544 677 593 ut
690 530 741 592 tibi
755 529 933 592 crederent?

143 611 200 679 Po.
227 619 303 679 Sunt
318 618 367 700 qui
380 619 466 679 nullis
480 617 599 678 credant
612 615 754 676 libentilrS.

143 698 205 761 Pa.
229 700 313 773 Quid
328 702 466 762 tandem?

144 782 201 844 Po.
225 783 362 845 Tandem
377 783 425 844 ubi
447 797 529 865 pater
550 779 625 842 serio
647 793 761 862 pararet
782 774 1004 850 abdicationem,
1018 776 1066 836 in-

102 878 298 928 tercessemnt
312 867 396 927 amici
411 887 445 926 ac
465 866 574 926 bellum
587 865 644 925 hoc
658 863 703 924 his
717 862 827 944 legibus
837 871 1065 943 composuerunt

103 962 135 1009 ut
153 963 311 1010 nostratem
325 969 448 1010 uxorem
463 948 613 1008 ducerem.

145 1031 208 1092 Ec.
232 1031 313 1113 Ergo
327 1044 405 1092 nunc
419 1032 509 1092 habes
524 1032 669 1092 uxorem?

112 1115 122 1126 “
146 1114 203 1174 Ρο.
227 1113 296 1174 Νοιι
309 1115 363 1175 nisi
378 1128 481 1196 preter
494 1115 569 1175 hanc
580 1127 722 1175 octavam.

146 1195 206 1257 Eu.
230 1197 394 1258 Octavam!
418 1196 487 1258 Non
498 1197 559 1258 sine
574 1196 693 1278 augurio
708 1194 799 1256 dictus
815 1213 847 1254 es
861 1190 1064 1275 Polygamus3

103 1300 161 1340 non
175 1280 263 1342 tedet
277 1280 469 1362 polygamiae?

147 1360 207 1424 Po.
230 1363 318 1424 Adeo
332 1364 430 1439 taedet,
440 1376 473 1424 ut
487 1363 511 1424 si
524 1363 587 1424 haec
603 1375 705 1424 octava
718 1371 879 1422 moreretur
892 1359 990 1434 hodie,
1010 1380 1065 1442 pe-

104 1447 205 1508 rendie
219 1447 359 1508 ducerem
373 1467 488 1508 nonam.

147 1528 211 1590 Eu.
234 1529 296 1591 Sed
311 1530 373 1612 quis
388 1530 438 1591 alit
452 1529 611 1591 familiam?

150 1611 209 1674 Po.
232 1611 284 1674 Ex
294 1613 373 1675 obitu
385 1627 538 1694 parentum
548 1612 671 1674 accessit
682 1631 729 1673 res
743 1608 907 1684 mediocris,
919 1621 950 1669 et
963 1608 1065 1690 gnavi·

106 1707 152 1756 ter
164 1696 312 1756 laboratur
326 1697 468 1756 manibus.

149 1777 210 1839 Ειι.
233 1777 390 1839 Descivisti
404 1778 487 1859 igitur
502 1778 641 1839 a'literis?
672 1785 675 1793 ’

150 1859 208 1921 Ρο.
232 1859 326 1943 Plan'e
341 1861 377 1920 ab
399 1861 490 1942 equis,
506 1861 584 1942 quod
605 1861 694 1936 aiunt,
708 1858 746 1920 ad
764 1858 877 1936 asinos;
900 1879 939 1921 ex
961 1858 1066 1942 hepta·

107 1944 216 2006 techao
230 1940 322 2004 sactus
337 1943 549 2004 monotechnus
564 1942 653 2005 saber.

151 2023 210 2088 Eu.
234 2024 344 2088 Miser!
373 2025 460 2088 toties
473 2025 523 2088 tibi
538 2025 676 2089 serendus
694 2039 756 2088 erat
776 2026 884 2102 luctus,
898 2025 982 2088 toties
1004 2045 1086 2111 coa·¹

109 2111 234 2176 libatus?
1016 2167 1017 2176 ,

153 2195 212 2257 Ρο.
235 2192 395 2276 Nunquam
409 2193 470 2255 vixi
484 2194 595 2256 coelebs
604 2190 678 2254 ultra
689 2193 751 2255 dies
766 2192 882 2268 decem,
894 2213 1066 2276 semperque

111 2300 189 2340 nova
213 2291 302 2360 nupta
322 2291 452 2339 veterem
473 2278 585 2338 luctum
607 2276 731 2359 expulit.
775 2275 898 2338 Habetis
912 2276 989 2337 bona
1008 2277 1067 2338 fide

112 2362 176 2424 vitae
212 2382 285 2423 meae
322 2381 484 2435 summam3
520 2373 606 2442 atque
642 2359 753 2421 utinam
783 2357 939 2441 Pampirus
972 2373 1067 2421 narret

111 2446 195 2506 nobis
226 2465 284 2506 sue
313 2463 429 2540 quoque
454 2443 517 2506 vitae
543 2441 680 2518 fabulam,
706 2443 755 2527 qui
777 2443 845 2503 satis
869 2441 945 2503 belle
975 2455 1069 2524 portat

112 2541 246 2603 aetatem3
272 2549 394 2603 nam,n1
417 2524 509 2603 fallor,
533 2547 582 2588 me
607 2526 720 2588 duobus
743 2539 793 2588 aut
817 2525 908 2586 tribus
931 2527 1012 2608 annis
1026 2541 1071 2588 est
1117 2560 1124 2582 ι

112 2609 254 2691 grandior.

155 2690 213 2764 Po.
237 2691 345 2754 Dicam
367 2691 513 2774 equidem,
536 2693 560 2754 si
582 2691 664 2753 vobis
684 2693 784 2755 audire
807 2705 892 2754 vacat
914 2693 971 2754 tale
994 2713 1072 2756 som-

112 2796 203 2836 mum.

154 2857 224 2931 Eo„
238 2856 304 2918 Ιιιιὸ
319 2857 425 2938 volupe
440 2856 524 2919 suerit
540 2856 649 2920 audire.

154 2943 214 3006 Pa.
237 2939 296 3002 Ubi
321 2940 441 3001 domum
462 2941 621 3017 rediissem,
637 2942 733 3004 statim
747 2957 830 3026 pater
852 2963 945 3005 senex
968 2964 1072 3025 urgere

112 3026 203 3111 coepit
224 3039 257 3087 ut
277 3023 393 3106 aliquod
416 3023 482 3084 vitae
504 3045 594 3106 genus
627 3026 816 3108 amplecterer
841 3027 919 3088 unde
943 3027 1071 3089 nonnihil

113 3125 237 3208 quaestus
252 3107 405 3170 accederet
420 3105 462 3167 rei
480 3105 630 3188 familiari3
655 3129 700 3185 ao,
716 3123 781 3192 post
794 3111 912 3191 longam
926 3111 1073 3173 consulta·

9 3279 11 3284 ,
112 3208 232 3270 tronem,
247 3191 353 3275 placuit
367 3190 531 3273 negotiatio.

155 3279 212 3341 Po.
236 3275 330 3338 Miror
343 3275 400 3336 hoc
413 3273 478 3335 vitae
493 3293 585 3356 genus
600 3275 726 3338 arrisisse
741 3276 934 3359 potissimum.

155 3361 214 3423 Pa.
239 3359 331 3421 Eram
345 3355 448 3420 naturis
461 3356 560 3420 sitiens
580 3360 774 3442 cognoscendi
796 3381 843 3422 res
865 3382 966 3437 novas,
981 3361 1074 3423 varias

112 3442 254 3584 reqionum
268 3443 366 3518 urbes,
381 3442 502 3525 linguas,
517 3461 552 3503 ac
566 3461 662 3504 mores
676 3443 836 3506 hominum.
880 3445 933 3508 Ad
947 3444 977 3506 id
988 3465 1075 3506 max-

9 3529 10 3606 }
113 3525 153 3588 im
187 3522 337 3584 videbatur
347 3526 477 3608 apposita
491 3523 664 3608 negotiatio:
686 3525 789 3611 quibus
808 3548 848 3592 ex
870 3529 957 3592 rebus
979 3527 1083 3594 nasci·x

9 3651 28 3664 „
113 3621 158 3669 tur
174 3618 202 3667 et
216 3605 377 3687 prudentia.
