2472 4038
597 257 668 331 136

193 433 243 498 Gl.
267 435 363 522 Hujus
374 458 443 500 usus
457 436 577 501 consilio
591 436 662 500 duxi
676 455 812 499 uxorem.

188 517 246 582 Po.
270 520 400 584 Pulchre
416 522 564 584 dotatam?

192 601 243 664 ut.
267 604 346 668 Dote
369 606 525 681 rnediocri3
556 625 589 668 ac
605 602 702 687 plane,
721 603 809 688 juxta
832 600 1102 745 proverbiumqqq

145 701 208 748 erat
222 708 274 768 pro
288 689 356 750 med
370 705 464 765 sorte;
486 711 552 750 nam
576 703 605 750 et
627 688 696 750 mihi
711 707 758 748 res
772 700 834 748 erat
853 685 1016 748 mediocris.

145 787 193 829 res
208 771 275 831 milri
310 772 377 834 lane
392 773 477 835 cessit
491 794 529 833 ex
544 771 630 834 animi
644 768 796 834 sententiis.

188 851 248 916 Po.
272 794 357 927 (lunt
371 877 459 918 annos
474 870 534 916 tum
550 875 614 916 eras
629 855 733 918 natus?

193 937 243 999 ul.
268 937 374 1022 Viginti
389 937 481 1001 ferme
496 938 580 1000 duos.

188 1019 247 1082 Po.
272 1021 301 1082 Ο
315 1037 344 1084 te
360 1022 494 1084 felicem!

191 1101 241 1164 Gl.
266 1103 334 1165 Non
350 1121 441 1168 totum
457 1108 513 1169 hoc
527 1105 646 1168 fortuna
661 1103 766 1182 debeo,
781 1125 819 1166 ne
835 1102 906 1188 quid
921 1121 1010 1166 erres.

187 1183 244 1248 Po.
269 1187 334 1260 Qui
348 1190 409 1251 sic?
685 1233 687 1238 .

192 1267 242 1330 Gl.
265 1271 391 1350 Dicam;
405 1273 452 1334 alii
467 1273 545 1355 prius
557 1272 677 1354 diligunt
710 1271 778 1332 uiam
786 1271 924 1354 deligant,
936 1290 991 1352 ego
999 1267 1103 1352 judicio

145 1352 240 1434 delegi
251 1354 338 1445 quam
353 1355 500 1438 diligerem
513 1379 522 1435 ;
544 1369 573 1418 et
587 1293 771 1426 tamenlranc
793 1356 883 1438 magis
900 1353 972 1416 duxi
993 1353 1027 1414 ad
1041 1371 1103 1434 pos·

145 1437 288 1499 toritatem
303 1460 389 1520 quarn
409 1440 446 1500 ad
469 1440 661 1524 voluptatem.
699 1437 777 1500 Cum
799 1437 836 1500 eit
859 1438 921 1500 vixi
944 1431 1102 1502 suavissimi

145 1539 237 1581 annos
251 1543 307 1582 non
324 1523 417 1603 plures
432 1539 506 1584 oct0.
521 1542 525 1556 ·

188 1603 248 1665 Ρο.
272 1604 402 1688 Reliquit
415 1606 539 1667 orbum?

190 1685 243 1830 gl.
266 1686 340 1763 unt,
359 1702 491 1770 superest
512 1688 649 1772 quadriga
672 1689 848 1767 liberomm3
876 1687 928 1750 filii
952 1686 1021 1762 duo,
1044 1681 1103 1746 lilia
1198 1719 1199 1722 =

145 1783 279 1832 louein.

187 1851 247 1914 Po.
270 1853 441 1914 Privatusne
457 1852 527 1912 vivis
543 1873 579 1913 an
593 1854 759 1936 magistratu
772 1853 920 1937 fungeris?

191 1933 243 1998 ul.
266 1933 324 1996 Est
347 1934 418 1996 mihi
443 1955 547 1996 munus
559 1937 729 2082 publicum.
778 1937 920 1999 Poterant
945 1934 1103 2016 contingere

144 2017 264 2103 majora,
280 2017 382 2080 verirm
395 2019 453 2080 hoc
466 2017 537 2080 mihi
580 2020 665 2103 elegi,
680 2020 760 2104 quod
778 2034 891 2102 tanturn
913 2021 1034 2082 haberet
1047 2017 1106 2098 dig·

145 2103 249 2179 nitatis,
270 2116 304 2164 ut
325 2123 373 2164 me
395 2102 554 2166 vindicaret
584 2125 602 2165 a
624 2118 804 2188 contemptu,
827 2105 967 2168 caeterirm
992 2097 1104 2164 minimi

145 2187 275 2248 molestis
296 2187 416 2269 negotiis
430 2186 598 2248 obnoxium.
643 2188 688 2250 Ita
709 2209 766 2250 nec
788 2201 832 2249 est
858 2186 939 2270 quod
959 2185 1105 2269 quisquam

145 2269 261 2354 objiciat
284 2290 331 2330 me
354 2269 424 2330 mihi
447 2269 553 2344 vivere,
568 2285 598 2332 et
612 2284 656 2332 est
676 2271 754 2332 unde
768 2291 980 2354 nonnunquam
996 2282 1025 2330 et
1039 2264 1106 2328 ami·

146 2353 189 2414 cis
218 2353 287 2414 dem
316 2373 445 2435 operam.
503 2351 571 2414 Hoc
595 2366 747 2415 contentus
772 2354 841 2416 nihil
865 2373 998 2437 unquam
1020 2347 1106 2430 magis

146 2436 252 2498 ambli:
273 2437 375 2498 verirm
397 2435 439 2496 sic
461 2436 535 2518 gessi
553 2437 759 2518 magistratum,
774 2452 806 2500 ut
819 2437 857 2498 illi
871 2458 910 2498 ex
926 2459 975 2498 me
991 2433 1106 2517 dignitas

147 2519 315 2581 accreverit.
371 2518 438 2580 Hoc
463 2539 519 2601 ego
541 2519 696 2600 pulchrius
709 2521 786 2582 duco
809 2520 897 2603 quam
921 2541 961 2582 ex
984 2513 1106 2580 muneris

145 2601 299 2681 splendore
315 2601 480 2682 dignitatem
499 2602 601 2662 mutuo
615 2623 741 2664 sumere.

188 2679 252 2742 Eu.
276 2681 358 2742 Nihil
374 2683 479 2743 verius.

194 2761 244 2824 Gt.
269 2764 320 2824 Sic
335 2765 409 2824 inter
424 2765 503 2824 cives
517 2785 599 2826 meos
612 2767 761 2842 consenui,
776 2789 862 2830 carus
875 2769 1018 2830 omnibus.

187 2846 249 2910 Eo.
272 2845 369 2908 lsthuc
383 2845 453 2906 νει-ὁ
464 2848 662 2909 difficillimum
673 2863 726 2923 est,
736 2871 804 2912 curn
816 2873 874 2914 non
890 2853 941 2912 abs
956 2847 1105 2913 redictum

146 2931 191 3008 sit,
208 2930 254 3015 qui
276 2929 419 2991 neminem
436 2931 524 2992 habet
537 2931 695 3006 inimicum,
709 2954 777 2994 eum
791 2955 846 2996 nec
861 2931 988 2996 amicum
1003 2931 1104 2992 habere

147 3037 223 3099 quen
246 3034 332 3088 uam;
354 3025 385 3073 et
400 3011 538 3075 felicitatis
552 3035 669 3096 semper
684 3015 819 3078 invidiam
836 3037 900 3078 esse
915 3017 1060 3079 comitem.

195 3037 246 3160 (ld.
268 3097 412 3178 Insignem
435 3092 598 3159 felicitatem
614 3097 743 3159 comitari
766 3099 839 3160 solet
853 3099 969 3161 invidia.
1013 3091 1103 3158 Medi·

147 3182 251 3244 ocritas
273 3194 334 3243 tuta
355 3193 415 3252 est;
444 3192 474 3239 et
495 3179 551 3241 hoc
566 3181 634 3242 mihi
659 3195 831 3263 perpetuum
855 3183 981 3244 studium
996 3178 1055 3252 fuit,
1069 3195 1103 3237 ne

169 3266 218 3326 nid
241 3265 298 3326 mei
321 3261 467 3325 commodi
489 3282 528 3322 ex
551 3263 669 3324 aliorum
686 3264 875 3326 incommodis
899 3280 1102 3348 compararem·

148 3287 229 3407 illam
254 3367 341 3429 quarn
367 3344 462 3406 Greci
484 3359 590 3406 vocant
615 3348 752 3428 aprarrian
775 3350 913 3430 quantum
940 3347 1018 3410 licuit
1047 3362 1104 3404 am·

149 3428 255 3508 plexus
288 3451 360 3490 sum.
419 3427 512 3490 Nullis
538 3429 657 3510 negotiis
684 3431 787 3511 ingessi
817 3446 936 3508 memet,
962 3429 1012 3493 sed
1037 3445 1104 3508 prae·

148 3509 235 3589 cipue
247 3512 374 3572 continui
388 3532 436 3572 me
451 3513 487 3572 ab
502 3512 555 3587 his,
568 3533 630 3594 quae
642 3513 702 3574 sine
713 3513 825 3575 offensi
836 3517 989 3578 multorum
1004 3505 1104 3589 suscipi
1192 3567 1193 3580 r

150 3611 208 3650 non
224 3606 361 3672 poterant„
409 3592 512 3674 ltaque
527 3595 550 3656 si
566 3595 705 3656 ‘uvandus
720 3596 773 3657 erit
783 3597 902 3674 amicus,
913 3599 955 3660 sic
970 3597 1009 3658 illi
1019 3595 1104 3656 bene·
1192 3599 1193 3612 ¹

150 3670 225 3734 facio
239 3687 270 3735 ut
283 3673 338 3735 hcc
352 3674 391 3735 de
404 3675 527 3739 cousin
570 3677 701 3742 ummihi
715 3699 815 3762 parem
825 3679 984 3744 inimicum.
1029 3670 1105 3738 Etsi
