2472 4038
620 263 668 334 99

606 458 684 512 IRA.

209 612 261 675 Ira
285 621 332 674 est
355 611 539 694 impetuosa,
570 621 604 674 et
633 610 718 674 omni
751 611 874 674 flamma
900 610 1120 677 vehementior.

165 695 325 764 Quinam
338 717 402 759 non
424 695 565 771 fraenat,
557 716 583 757 rs
602 694 729 757 immani
752 693 867 759 belluae
889 696 981 778 quim
1004 696 1120 760 homini

164 789 215 841 est
229 779 376 842 similior.
1180 839 1189 846 .

210 861 299 925 Per'
291 883 368 924 nam
390 862 541 964 sapientia
562 862 720 944 perditur;
741 881 802 924 nec
824 861 909 926 enim
931 861 997 926 lieri
1020 874 1122 946 potest

163 955 202 1008 ut
216 946 390 1009 concitatus
405 946 450 1008 ira
463 945 582 1008 ratione
597 956 725 1008 utatur.-

209 1029 371 1112 Optimum
392 1040 441 1092 est
468 1029 600 1111 primum
631 1029 684 1090 irae
716 1027 939 1092 irritamentum
965 1015 1119 1112 spernere,

162 1113 303 1196 ipsisque
318 1129 492 1208 repugnare
508 1113 686 1175 seminibus

209 1197 248 1260 In
262 1197 367 1279 primis
381 1197 494 1259 finibus
508 1196 604 1259 hostis
615 1195 767 1258 arcendus
778 1205 841 1274 est3
854 1217 927 1258 nam
941 1197 1011 1260 cum
1026 1196 1121 1260 intra-

164 1280 223 1357 vit,
237 1291 271 1343 et
284 1281 378 1361 portis
393 1301 425 1343 sc
440 1280 553 1356 intulit,
567 1279 693 1341 modum
708 1299 727 1340 a
740 1278 870 1358 captivis
881 1301 947 1375 non
962 1280 1088 1362 accipit.

213 1364 263 1426 Ira
284 1363 497 1426 abstinendum
518 1374 567 1426 est
587 1363 651 1425 sive
675 1383 730 1443 par
758 1373 807 1424 est
837 1363 907 1458 qui·
922 1363 1121 1427 lacessendus

167 1457 228 1524 est,
243 1447 306 1510 sive
321 1447 468 1528 superior,
482 1447 545 1510 sive
565 1446 700 1509 inferior.
743 1445 822 1508 Cum
844 1446 910 1528 pari
932 1449 1122 1512 contendere

166 1551 286 1612 anceps
318 1541 375 1607 est,
397 1551 470 1594 cum
503 1529 660 1613 superiore
691 1528 846 1607 sruiosum,
878 1550 952 1593 cum
978 1531 1121 1596 inferiore

166 1615 336 1679 sordidum.

147 1788 152 1793 ”
210 1783 260 1848 Ira
280 1784 466 1854 educatione
489 1781 670 1866 repellenda
690 1792 758 1846 est:
779 1781 873 1847 facile
895 1791 943 1846 est
957 1783 1039 1848 enirn
1054 1793 1121 1848 ten·

168 1887 237 1932 cros
251 1867 353 1933 adhuc
368 1868 487 1931 animos
500 1888 710 1949 componere·
731 1867 782 1930 vir
795 1867 922 1931 tandem
942 1867 1122 1932 reciduntur

168 1951 243 2015 vitia
257 1973 327 2033 quae
342 1952 505 2016 nobiscum
519 1961 693 2014 crevenmt.

213 2035 300 2098 Nihil
313 2034 411 2119 magis
426 2035 501 2098 lacit
515 2036 679 2098 iracundos
693 2035 785 2116 quam
803 2034 950 2098 educatio
973 2035 1076 2098 mollis
1089 2047 1122 2100 et

170 2117 306 2182 blanda:
328 2119 446 2182 luxuria
459 2119 590 2182 maxime
605 2120 797 2182 iracundiam
811 2119 916 2182 nutrit.

211 2203 285 2267 Non
300 2214 402 2285 potest
423 2204 559 2280 omnino,
573 2204 702 2300 inquies,
716 2225 755 2266 ex
770 2203 874 2268 animo
891 2204 937 2266 ira
958 2202 1047 2282 tolli;
1067 2224 1121 2268 ne-

170 2309 231 2369 que
255 2288 316 2352 hoc
345 2298 457 2351 natura
483 2288 615 2350 hominis
636 2289 762 2371 patitur.
805 2287 1037 2370 Quodcunque
1062 2287 1119 2350 sibr

169 2372 340 2454 imperavit,
355 2373 475 2436 animus
489 2373 634 2436 obtinuit.

529 2541 531 2547 '
587 2555 740 2612 vissus.

210 2712 296 2776 Inter
308 2710 441 2795 pulchra
454 2710 579 2793 quidem
593 2709 687 2773 virtus
698 2709 861 2794 primatum
875 2721 979 2793 tenet3
1002 2714 1119 2778 laudari

167 2798 238 2860 verd
255 2797 352 2860 debet
373 2818 437 2860 non
459 2797 527 2878 ipsa
547 2796 640 2858 modd
661 2795 765 2873 virtus,
787 2797 842 2859 sed
864 2818 966 2862 causae
995 2819 1119 2880 quoque

167 2891 199 2945 et
213 2883 353 2957 comitas,
367 2881 495 2956 fructus,
510 2890 635 2961 etopus
650 2900 741 2942 omne
756 2880 884 2944 virtutis
1169 2885 1172 2893 '

208 2965 329 3028 Virtute
354 2986 416 3026 non
431 2985 479 3027 res
495 2963 661 3039 honestior,
679 2985 743 3026 non
765 2965 953 3028 constantior
973 2975 1021 3028 est
1035 2962 1119 3024 ulla·
1109 3010 1119 3042 ‚

166 3046 365 3142 pulchritudo
380 3047 428 3109 vel
443 3047 620 3110 valetudine
647 3047 736 3129 perit,
751 3047 800 3111 vel
825 3059 981 3132 ternpore.
1002 3045 1118 3110 divitias

167 3130 310 3193 vitiorum
326 3141 395 3192 sunt
409 3131 510 3242 potiris
525 3130 618 3212 quam
632 3132 710 3194 recti
724 3132 882 3196 ministrae.
944 3207 947 3213 ¹
1045 3169 1047 3176 >
1121 3151 1125 3162 '

210 3296 298 3361 Nulli
321 3297 474 3379 praeclusa
503 3310 551 3364 est
582 3299 697 3380 virtus3
728 3301 872 3366 omnibus
894 3306 989 3379 patet,
1011 3317 1119 3362 omnes

166 3381 311 3460 admittit,
326 3402 434 3445 omnes
448 3384 566 3446 invitat.

209 3467 313 3530 Virtus
335 3466 503 3562 magnifica
524 3479 582 3547 est,
603 3491 667 3534 non
698 3467 772 3548 quia
793 3485 848 3546 per
869 3483 902 3527 se
923 3455 1049 3531 beatum
1070 3479 1118 3531 est

166 3550 249 3613 malo
270 3551 417 3660 camisas,
438 3552 494 3614 sed
515 3553 589 3636 quia
610 3553 747 3616 animum
768 3559 921 3633 praeparat
942 3551 982 3614 ad
1009 3551 1117 3634 cogni·
