2472 4038
595 249 664 354 rae

89 433 91 440 ’
178 429 240 494 Pl.
264 429 357 494 Plane
379 430 505 493 mallem.

180 515 242 577 Ne.
265 515 310 576 At
338 513 424 577 Plato
447 513 520 576 dixit
542 512 682 575 Animum
706 511 828 576 domimo
851 512 996 578 bominem
1016 535 1099 578 esse.

135 619 242 681 corpus
256 598 327 660 nibil
342 597 419 659 aliud
434 618 498 659 esse
513 596 599 681 quam
612 596 790 659 domicilium
804 611 854 659 aut
871 598 1100 661 instrumentum.

135 679 187 741 'l'u
201 695 282 743 certe
296 680 440 756 fateberis,
455 681 567 763 opinor,
582 681 712 742 animum
726 699 792 742 esse
806 680 997 763 principalem
1017 681 1102 744 bom·

135 763 383 908 inistlortEipspgm,
392 785 498 859 corpus
513 763 599 826 animi
613 763 784 826 ministrum.

231 893 238 908 .
339 869 385 922 ,sr
399 867 450 908 vrs.

180 927 242 990 Ne.
266 929 347 992 Cirrn
366 929 417 991 tibi
439 929 531 992 nolles
552 929 713 991 ministrum
735 928 890 991 abdomine
911 929 1037 1006 tardum,
1051 928 1104 992 sed

135 1011 244 1092 agilem
258 1013 360 1076 malles
373 1026 403 1075 et
416 1013 553 1090 alacrem,
566 1033 619 1075 our
632 1012 730 1075 animo
742 1033 827 1096 paras
840 1011 1002 1075 ministrum
1023 1012 1104 1096 igna-

10 1121 12 1132 *
136 1116 208 1156 vum
223 1109 252 1157 et
265 1096 408 1158 obesum?

75 1206 78 1212 ·
179 1176 239 1240 Pl.
264 1176 374 1240 Vincor
387 1177 471 1240 veris.

103 1257 105 1262 ’
180 1259 241 1323 Ne.
264 1259 333 1323 Jam
361 1261 437 1322 aliud
461 1260 646 1344 dispendium
671 1281 788 1344 accipe:
819 1274 852 1324 ut
879 1261 992 1324 animus
1016 1260 1103 1346 longe

136 1358 253 1440 prestat
264 1344 386 1428 corpori,
395 1343 437 1406 itt
449 1342 545 1408 fateris
559 1363 632 1428 opes
646 1344 732 1406 animi
746 1343 833 1428 longe
846 1345 1010 1428 precellere
1027 1344 1106 1409 bona

135 1449 175 1488 ω
211 1449 423 1572 (lllsfrobabile
438 1509 517 1572 dieis

180 1591 244 1656 Ne.
268 1592 330 1656 Sed
344 1593 420 1655 inter
433 1592 521 1654 animi
535 1592 613 1654 bona
626 1591 734 1674 primas
748 1605 828 1656 tenet
842 1592 991 1675 sapientia.

181 1675 239 1739 Plt.
263 1675 380 1740 Fateor.

181 1758 241 1824 Ne.
265 1759 316 1822 Ad
339 1759 414 1822 hano
439 1757 599 1842 parandam
623 1757 701 1820 nulla
726 1757 784 1820 diei
808 1779 874 1842 pers
897 1759 992 1822 utilior
1015 1759 1104 1843 quim

8 1871 9 1880 ¹
138 1843 389 1920 diluculum,oi1m
404 1843 447 1904 sol
465 1863 556 1904 novus
577 1841 714 1903 exoriens
726 1841 856 1924 vigorem
877 1856 907 1905 et
927 1842 1103 1907 alacritatem
1228 1921 1229 1924 Ἴ

140 1925 233 1988 adfert
247 1927 335 1988 rebus
352 1926 494 2001 omnibus,
513 1925 688 2008 discutitque
709 1925 829 1988 nebulas
840 1925 1029 1989 eventriculo
1050 1948 1104 1990 ex·

142 2008 234 2070 halari
247 2021 408 2082 consuetas,
423 2029 485 2090 qua
499 2009 603 2072 mentis
619 2008 796 2072 domicilium
813 2010 908 2078 solent
925 2008 1103 2074 obnubilare.

185 2085 244 2154 Pl.
268 2089 337 2152 Non
351 2095 489 2172 repugno.
642 2137 645 2146 .
835 2091 838 2098 ⁴

124 2197 134 2202 ·
183 2173 254 2240 Ne..
270 2173 360 2238 Nunc
374 2173 443 2254 mihi
457 2187 582 2258 supputa
596 2189 735 2258 quantum
750 2173 917 2236 eruditionis
934 2173 985 2236 tibi
1004 2195 1106 2257 parare

140 2258 234 2405 posPsils
248 2257 439 2403 qpatrportillis
448 2258 528 2404 ιΙιιΙοτίε
543 2280 615 2346 quas
629 2278 732 2322 somno
745 2257 949 2341 intempestivo
962 2257 1069 2340 perdis.

234 2390 242 2404 .
294 2364 326 2404 ro
337 2363 371 2404 ec
385 2362 404 2404 ο
418 2363 448 2404 m
480 2355 552 2404 tum.
1039 2352 1041 2358 ·

182 2424 246 2487 Ne.
269 2423 422 2507 Expertus
435 2446 512 2500 sum,
527 2424 556 2484 in
570 2423 671 2486 studiis
705 2425 751 2486 lus
764 2423 841 2486 effici
855 2423 914 2485 uni
927 2423 1000 2486 boris
1013 2435 1106 2486 rnatu·

7 2557 11 2586 2
141 2507 206 2570 tini
221 2507 310 2589 quim
323 2507 413 2570 tribus
435 2505 672 2590 pomeridianis,i
693 2527 750 2590 que
771 2507 851 2570 nullo
870 2507 998 2588 corporis
1020 2507 1106 2570 detri-

141 2603 252 2654 mento.

184 2673 246 2738 Plt.
269 2672 387 2736 Audivi.

183 2756 243 2821 Ne.
267 2755 386 2820 Deinde
400 2754 472 2818 illud
484 2770 597 2839 reputa,
612 2757 636 2820 si
650 2758 825 2840 singulorum
840 2757 1106 2845 dierum-jacturam
1225 2837 1226 2846 ἦ

142 2841 172 2902 in
186 2861 328 2904 summam
342 2838 485 2916 conserua,
499 2854 622 2940 quantus
636 2841 672 2904 sit
686 2841 797 2904 futurus
810 2843 951 2906 cumulus.

183 2922 243 2988 Pl.
267 2923 373 3006 Ingens
387 2921 528 3006 pmfecto

183 3006 245 3069 Ne.
268 3005 331 3079 Qui
345 3026 475 3088 gemmas
491 3020 522 3068 et
540 3026 642 3070 aurum
664 3006 776 3068 temere
797 3008 954 3090 profundit,
968 3007 1106 3103 prodigus

141 3090 275 3165 habetur,
289 3102 319 3150 et
333 3101 457 3150 tutorem
471 3089 592 3172 accipit:
615 3090 679 3152 bec
693 3090 769 3152 bona
781 3105 861 3154 tanto
875 3091 1042 3176 pretiosiora
1054 3089 1104 3173 qui
1224 3147 1225 3152 ,

141 3171 247 3258 perdit,
261 3191 356 3234 nonne
369 3172 459 3234 multo
473 3171 584 3254 turpius
599 3172 734 3256 prodigus
749 3177 813 3239 esti
1224 3177 1225 3206 ³

182 3253 243 3318 Plr.
267 3254 317 3316 Sic
332 3268 463 3336 apparet,
478 3254 502 3316 si
516 3275 579 3316 rem
593 3255 675 3318 recti
688 3257 796 3319 ratione
812 3254 1035 3339 perpendamus.

141 3375 143 3382 ·
181 3337 242 3401 Ne.
265 3335 332 3398 Jarn
347 3336 448 3398 illude
493 3336 569 3398 ende
584 3340 661 3420 quod
683 3340 797 3423 scripsit
822 3337 918 3414 Plato,
932 3335 1024 3402 Nati!
1044 3359 1103 3402 erae
1222 3339 1224 3388 i

133 3416 727 3517 pttlrlriur,rtiba'lomotiliuampientirie
742 3419 1104 3515 paeticorporet'aocttlt't
1167 3447 1170 3454 ’

63 3545 66 3553 ·
140 3503 220 3570 ceriti
234 3511 344 3589 postet
359 3501 604 3647 tacreplpbpleema
618 3526 727 3568 amores
742 3512 890 3567 temtaret.
914 3581 916 3586 Α
