2492 4038
183 395 258 460 Erat
272 416 362 478 porro
377 395 497 460 infinita
517 397 682 460 multitudo
703 395 735 457 in
749 394 888 458 exercitu
902 393 1088 458 Madianita-

141 499 224 544 rum:
245 501 318 544 nam
332 501 404 543 crnn
419 479 455 542 iis
470 502 522 544 rex
538 479 779 543 Amalecitarum
793 500 826 541 se
840 478 1051 562 conjunxerat.

181 565 303 626 Tamen
325 565 410 627 Deus
432 565 510 627 dixit
528 563 690 627 Gedeoni:
712 583 774 625 non
795 583 873 644 opus
894 572 942 624 est
963 562 1019 624 tibi
1042 571 1088 623 tot

138 647 274 711 millibus
302 647 481 727 hominum;
514 647 646 710 dimissis
676 645 808 721 caeteris,
837 646 934 709 retine
969 646 1087 724 tantum

139 741 295 826 trecentos
303 731 405 878 dviros,
419 733 462 795 ne'
473 731 631 795 victoriam
655 751 720 792 suae
735 729 837 792 virtuti
862 729 1007 806 tribuant,
1023 749 1086 791 non

139 825 287 898 potentrae
325 837 425 878 rvrnae.

587 959 638 1016 97.

180 1075 311 1139 Gedeon
326 1086 481 1139 trecentos
495 1075 575 1138 viros
597 1075 629 1136 in
652 1084 713 1137 tres
735 1084 837 1156 partes
850 1074 962 1152 divisit,
987 1075 1087 1139 dedit·
1116 1041 1121 1056 ,
1212 1079 1215 1088 '

137 1179 198 1240 que
219 1160 279 1222 illis
302 1160 393 1222 tubas
414 1170 446 1222 et
468 1159 595 1243 lagenas
620 1168 783 1235 testaceus
812 1159 843 1222 in
866 1158 977 1242 quibus
999 1171 1086 1223 erant

137 1243 296 1324 lampades
311 1264 465 1306 accensae.

179 1327 231 1404 Hi,
254 1327 356 1390 media
377 1338 471 1390 nocte
494 1327 623 1410 ingressi
645 1337 746 1389 castra
768 1326 911 1404 hortium,
925 1338 1087 1411 coeperunt

137 1411 218 1474 tubis
233 1411 389 1494 clangere,
404 1422 437 1474 et
451 1410 599 1474 collidere
615 1411 694 1472 inter
708 1431 741 1473 sc
757 1410 894 1494 lagenas·

137 1539 141 1548 ι
179 1495 372 1571 Madianitae,
385 1495 492 1558 audito
505 1495 649 1557 tubarum
670 1494 771 1557 sonitu
792 1504 825 1557 ct
844 1495 915 1559 visis
937 1495 1086 1576 lampadi·

136 1579 205 1724 bip,
228 1577 341 1642 turbati
363 1590 443 1656 sunt,
465 1590 497 1642 et
519 1579 600 1661 turpi
622 1579 705 1662 fugit,
733 1599 795 1659 quo
817 1579 947 1660 quisque
975 1580 1084 1660 potuit,

136 1663 200 1725 dia
223 1663 247 1724 si
263 1673 342 1724 sunt.

179 1683 321 1827 lenique
336 1746 457 1829 gladios
478 1746 510 1807 in
533 1766 566 1807 se
584 1745 717 1831 invicem
732 1754 959 1822 converterunt,
973 1756 1006 1809 et
1018 1766 1078 1809 mu·

137 1829 190 1892 tui
203 1829 292 1892 caede
307 1851 340 1893 se
355 1829 556 1892 trucidarunt.

179 1913 309 1976 Gedeon
331 1913 465 1976 hostium
486 1931 575 1996 reges
597 1923 779 1994 persecutus
800 1923 858 1990 est,
886 1923 920 1977 et
946 1934 1085 1996 compre·

132 1997 247 2062 'hensos
261 1997 333 2061 neci
347 1996 443 2060 dedit.

587 2139 638 2199 98.
692 2139 696 2152 “

178 2270 288 2339 Quum
308 2268 436 2333 Hebraei
451 2268 482 2332 in
497 2275 651 2350 potestate
672 2278 776 2331 essent
797 2267 1031 2343 Philistaeorum
1053 2278 1086 2331 et

136 2356 176 2418 ab
199 2354 259 2416 illis
284 2354 501 2438 affligerentur,
522 2362 613 2416 natus
634 2362 681 2415 est
703 2352 843 2428 Samson,
865 2351 983 2414 futurus
1004 2351 1086 2415 ultor

135 2439 278 2502 hostiurn.

178 2523 279 2603 Hujus
294 2531 392 2584 mater
405 2520 458 2583 diu
473 2519 584 2582 sterilis
598 2519 707 2595 suerat,
722 2520 777 2582 sed
791 2520 820 2583 ei
840 2518 970 2602 angelus
990 2519 1085 2581 Dom-

136 2605 179 2665 ini
215 2605 365 2683 apparuit‚
393 2603 595 2684 praedixitque
625 2624 695 2665 earn
716 2603 881 2685 parituram
912 2602 1008 2665 lilium
1031 2602 1083 2683 qui

136 2687 219 2749 cives
234 2706 305 2746 suos
319 2686 352 2746 in
362 2686 539 2747 libertatern
555 2687 720 2766 aliquando
735 2687 914 2749 vindicaret.
1081 2693 1082 2696 ’

180 2769 280 2832 Enixa
294 2788 433 2849 puerum,
448 2788 561 2830 nomen
576 2769 734 2832 Sarnsonis
748 2769 778 2832 ei
793 2769 914 2832 indidit.

108 2855 120 2896 i
177 2853 258 2916 Puer
279 2851 376 2914 crevit
387 2874 396 2928 ;
418 2851 571 2914 intonsam
592 2850 701 2914 habuit
720 2872 867 2931 comam3
888 2873 948 2916 nec
970 2854 1084 2929 vinum,

137 2957 196 3000 neo
218 2937 347 2998 siceram
369 2933 467 3012 bibit;
503 2931 678 2996 incredibili
711 2935 768 2999 fuit
790 2935 927 3018 corporis
949 2937 1085 3015 robore;

136 3021 260 3084 obvium
274 3019 396 3082 leonem
409 3037 504 3080 manu
519 3017 682 3080 interiecit.

588 3190 638 3248 99.

180 3324 311 3388 Samson
332 3321 455 3386 adultus
480 3321 653 3386 Philistaeos
669 3322 774 3386 multis
796 3322 903 3387 affecit
923 3323 1085 3388 cladibus:
1170 3381 1173 3390 ,

136 3407 222 3487 cepit
236 3417 390 3471 trecentas
403 3406 521 3490 vulpes,
537 3429 665 3488 quarum
679 3407 787 3470 caudis
805 3428 953 3472 accensas
968 3407 1085 3490 lampa-

137 3490 192 3552 des
207 3489 355 3574 alligavit,
370 3501 402 3554 et
417 3491 448 3553 in
463 3491 596 3556 hostium
611 3511 702 3575 agros
716 3491 861 3556 immisit·

1232 437 1233 500 l

1231 641 1233 716 l
