2492 4038
629 257 678 330 75

629 443 682 502 ar.

454 559 585 623 nonus
608 559 666 614 un
695 561 847 618 snmus.

206 683 392 748 'Deficiente
413 683 446 746 in
468 684 577 746 itinere
599 684 695 760 asino,
716 694 750 746 et
771 694 899 766 petente
921 683 961 746 ab
984 680 1076 766 equo',
1090 695 1124 750 ut

174 767 277 848 aliqua
299 778 385 850 parte
406 768 509 832 oneris
530 787 563 830 se
585 767 710 844 levaret,
739 767 765 830 si
798 787 832 829 se
865 769 966 830 nuum
988 769 1126 848 aspicere

88 869 100 875 ”
145 889 148 896 .
173 851 277 924 vellet,
293 862 472 933 aspernatus
495 860 544 914 est
564 871 663 931 equus¹
684 850 794 932 preces
815 850 906 913 illius.
952 851 1048 913 Paulb
1070 853 1128 936 igi-

174 945 224 996 tur
251 936 328 1018 post,
358 934 542 1018 fatigatione
563 934 730 998 exhaustus
752 934 855 996 asinus
877 934 909 996 in
931 935 980 996 via
1001 937 1127 1012 corruit,

173 1028 207 1080 et
221 1019 335 1082 efflavit
350 1020 494 1082 animam.

215 1103 298 1164 'I'mn
313 1103 446 1185 agitator
460 1123 568 1166 omnes
582 1101 727 1177 sarcinas,
738 1121 814 1182 quas
825 1101 928 1163 asinus
941 1102 1125 1183 portaverat,

173 1195 267 1266 atque
282 1186 407 1269 insuper
420 1185 514 1250 etiam
528 1186 653 1269 pellem,
668 1185 754 1248 asino
768 1186 949 1262 detractam,
963 1185 995 1248 in
1010 1205 1126 1267 equum

174 1269 331 1352 imposuit.

632 1442 683 1502 82.

479 1579 555 1635 LEO
585 1579 636 1634 ΕΤ
665 1579 823 1636 votens.

215 1691 293 1768 Leo,
318 1691 406 1756 senio
420 1692 603 1767 confectus,
627 1692 698 1754 cum
722 1691 802 1754 vires
829 1711 893 1753 non
917 1700 1125 1773 suppeterent,

171 1775 319 1840 callidum
353 1786 457 1840 tamen
485 1776 571 1859 cepit
605 1775 769 1850 consilium
803 1773 993 1838 sustentandi
1022 1775 1126 1840 vitam.

172 1858 281 1941 Itaque
310 1860 342 1922 in
367 1870 465 1938 antro,
487 1860 575 1942 quasi
596 1858 706 1922 morbo
728 1870 897 1942 correptus,
924 1859 1127 1934 decumbens,

171 1944 354 2020 animantes,
369 1965 439 2024 quae
454 1944 495 2007 ad
518 1944 620 2026 ipsum
632 1942 792 2006 visendum
807 1943 920 2026 passim
935 1943 1125 2020 advenirent,

171 2027 340 2110 prehensas
354 2027 531 2091 devorabat.

214 2109 264 2174 Ita
278 2110 392 2193 magna
405 2110 573 2174 bestiarum
593 2109 790 2174 multitudine
805 2109 929 2174 alcone
954 2109 1125 2191 absumpta,

171 2194 298 2257 accedit
320 2194 445 2258 tandem
458 2205 491 2258 et
505 2194 670 2276 vulpecula
691 2194 731 2258 ad
753 2203 884 2271 antrum,
899 2203 932 2257 et
956 2215 1020 2278 prta
1045 2193 1125 2256 ostio

171 2278 319 2354 subsistit,
334 2278 480 2344 haesitans
494 2290 587 2360 atque
602 2277 877 2360 circumspectans.

213 2363 296 2424 Tum
310 2362 370 2438 leo,
385 2363 473 2431 Quid
497 2373 609 2438 cesset,
631 2383 688 2425 cur
710 2383 773 2425 non
797 2362 890 2424 adeat
903 2361 944 2424 ad
965 2382 1009 2438 se,
1023 2371 1123 2443 rogat.

20 2415 22 2422 Ι
51 2483 55 2490 ,
100 2509 103 2520 ,
169 2445 230 2508 Cui
249 2445 321 2506 illa:
342 2446 429 2513 Quia
451 2447 582 2528 vestigia
597 2445 758 2508 adversum
779 2455 810 2509 te
833 2445 1009 2528 spectantia
1029 2443 1124 2508 multa

170 2529 273 2605 video,
287 2537 453 2592 retrorsum
467 2527 562 2598 nulla.

626 2702 678 2760 33.

519 2835 784 2897 ASTROLOGUS·¹

103 3025 105 3032 .
213 2965 371 3048 Astrologi
392 2963 553 3046 eujusdam
574 2985 641 3025 mos
663 2973 730 3026 erat
750 2964 790 3026 de
812 2975 906 3028 nocte
921 2964 1014 3028 domo
1028 2965 1121 3040 exire,

170 3062 207 3114 ut
231 3048 344 3112 coelum
366 3047 531 3128 stellasque
553 3048 824 3128 contemplaretur.
869 3041 1122 3128 Aliquando'au-

169 3143 245 3208 tem,
260 3141 342 3194 totus
356 3131 436 3193 coelo
458 3131 603 3205 intentus,
619 3129 651 3192 in
673 3129 794 3207 fossam,
810 3153 904 3214 quam
928 3141 1000 3192 ante
1025 3128 1121 3209 pedes

170 3218 261 3280 sitam
275 3235 338 3276 non
351 3215 477 3290 viderat,
493 3213 612 3278 incidit.

212 3300 296 3376 Tum
310 3298 399 3372 alius,
421 3319 476 3378 par
500 3297 632 3360 eandem
652 3298 732 3360 viam
744 3297 813 3361 ‘iter
834 3295 962 3370 faciens,
987 3295 1058 3360 clun
1079 3297 1120 3361 de

170 3383 288 3466 gemitu
304 3381 396 3455 illius,
415 3382 498 3461 quod
509 3381 675 3457 acciderat,
686 3382 901 3467 cognovisset3
922 3377 1059 3461 Optima,
1073 3382 1119 3444 in-

86 3533 88 3538 ,
171 3467 246 3548 quit,
266 3476 310 3542 tu,
336 3465 388 3545 qui
414 3485 456 3526 os
470 3465 502 3528 in
526 3465 641 3526 coelum
663 3465 817 3548 erigebas,
849 3473 961 3528 terram
988 3466 1122 3552 pedibus

170 3549 342 3636 subjectam
356 3548 458 3632 potius
472 3548 583 3614 intueri
597 3549 761 3612 debueras.
