2472 4038
602 284 672 354 123

875 384 914 456 N

193 461 247 526 Al.
270 463 321 526 Tu
336 462 382 526 fac
394 461 501 526 'dextro
515 462 667 526 Mercurio
680 462 803 528 feliciter
815 487 863 530 me
915 487 947 530 re
957 467 1111 532 triremem.

148 543 218 628 Ego
232 569 290 610 non
306 560 335 608 te
349 548 515 609 remorabor
529 548 648 610 dunos.
692 547 773 612 Orco
787 549 833 612 lct
916 549 1026 616 dferam
1039 574 1113 617 nun-

146 630 236 691 cium.
281 631 344 693 Sed
359 631 444 707 heus,
458 630 539 708 heus,
554 629 695 694 Charon!

179 709 249 775 m.
273 712 357 786 Quid
372 715 438 776 est?
613 717 615 720 ’

191 795 249 858 Al.
271 797 335 860 Fac
350 811 476 859 matures
489 795 624 874 reditum,
639 817 677 860 ne
690 809 721 858 te
735 819 806 860 mox
821 799 923 862 obruat
936 800 1026 863 turba.

197 878 249 942 Cb.
273 877 338 942 Imb
347 879 410 964 jam
424 881 489 963 plus
504 901 591 963 quarn
606 881 732 943 ducenta
746 881 833 942 millia
846 882 980 945 offendes
991 884 1021 946 in
1039 883 1112 968 cipi,

147 976 255 1044 preter
269 963 330 1024 illas
346 985 410 1046 quae
421 977 520 1025 natant
530 964 558 1024 in
569 964 685 1045 palude.
729 963 899 1047 Properabo
909 979 1009 1030 tamen
1020 988 1112 1052 quan·

147 1058 213 1107 turn
227 1046 343 1128 licebit:
368 1045 415 1110 dic
430 1045 484 1108 illis
497 1067 546 1108 me
561 1067 632 1109 mox
647 1045 820 1110 adfuturum.

550 1290 636 1346 GOL.
658 1291 707 1346 vl.

345 1434 359 1450 ··
432 1419 831 1487 unrum1us,rrr1urruus.

193 1537 370 1621 Nepltalms.
394 1501 492 1600 llodie
503 1550 533 1600 te
547 1549 723 1600 conventum
736 1535 880 1613 volebam,
890 1535 1046 1620 Philypne,
1060 1535 1126 1621 sed,

151 1641 188 1684 ne
208 1620 299 1682 abaris
313 1641 378 1682 esse
389 1619 478 1682 domi.

225 1703 370 1788 dilypucs.
394 1703 464 1766 Non
477 1702 596 1766 omnino
609 1701 720 1766 mentiti
739 1716 822 1766 sunt:
846 1701 894 1766 ubi
916 1701 1034 1786 quidem
1054 1723 1113 1767 non

150 1795 242 1862 eram,
256 1789 308 1850 sed
322 1787 393 1850 mihi
406 1801 470 1850 tum
484 1807 565 1850 eram
579 1785 718 1849 maxime.

194 1870 258 1932 Ne.
280 1870 362 1944 Quid
376 1871 470 1932 isthuc
485 1871 641 1952 anigmatis
655 1872 723 1932 est?

197 1949 261 2014 Pa:
280 1953 365 2014 Nosti
379 1953 448 2014 illud
459 1967 539 2014 vatus
549 1953 743 2050 proverbium,
754 1951 829 2015 Non
839 1951 969 2016 omuibus
979 1951 1090 2016 dormio
1098 1975 1112 2029 ,·

154 2055 211 2096 neo
226 2047 256 2096 te
270 2033 339 2116 fugit
353 2035 401 2096 illc
416 2035 528 2097 Nasica
544 2057 630 2120 Jocus
643 2036 691 2098 cui
704 2057 772 2098 cum
789 2035 918 2098 Ennium
944 2035 1111 2098 familiarem

153 2117 277 2178 invisere
292 2118 397 2180 volenti
411 2119 512 2180 ancilla
521 2119 603 2202 jussu
618 2119 680 2181 heri
695 2119 829 2201 negasset
842 2139 906 2180 esse
921 2117 1009 2196 domi,
1023 2119 1112 2180 sensit

151 2197 270 2277 Nasica,
281 2197 474 2279 etdisc'essit3
495 2217 630 2265 caeterum
645 2203 693 2265 ubi
712 2202 836 2264 vicissim
854 2200 977 2278 Ennius,
996 2200 1111 2264 Nasicae

150 2283 269 2344 domum
284 2285 436 2366 ingressae,
451 2299 564 2368 rogaret
578 2307 700 2368 puemm
715 2307 784 2348 num
807 2298 883 2347 esset
903 2284 988 2362 intus,
1004 2283 1112 2346 Nasica

149 2365 187 2427 de
209 2369 340 2430 conclavi
362 2370 507 2444 clamavit,
522 2391 592 2444 non,
606 2369 747 2451 inquiens,
769 2390 833 2430 sum
856 2367 952 2445 domi;
983 2385 1111 2447 cumque

148 2448 264 2510 Ennius
279 2451 374 2530 agniti
387 2452 611 2532 voceydixisseq
626 2451 793 2532 impudens,
815 2473 873 2513 non
893 2463 923 2510 te
943 2451 1111 2532 loquentem

56 2528 61 2533 ’
148 2535 309 2612 agnoscor·
331 2532 406 2593 -Imt
430 2546 474 2608 tu,
496 2533 587 2613 inquit
609 2532 726 2608 Nasica,
748 2533 949 2616 impudentior,
971 2532 1020 2615 qui
1041 2531 1110 2594 mihi

147 2612 203 2696 ipsi
216 2614 306 2674 fidem
320 2636 379 2676 non
394 2615 512 2690 habeas,
527 2635 595 2676 oum
609 2635 665 2696 ego
678 2615 848 2678 crediderim
863 2615 971 2678 ancillae
986 2629 1052 2678 tuae.

190 2695 254 2759 Ne.
276 2695 353 2759 Eras
367 2697 494 2758 fortassis
511 2697 685 2781 occupatior.
742 2731 746 2738 »

191 2777 248 2841 ΡΙι.
261 2779 336 2842 ..lmd
350 2780 478 2843 suaviter
491 2781 609 2843 otiosus.

188 2861 251 2926 Nc.
274 2863 404 2926 Rursum
420 2864 569 2946 enigmate
584 2877 710 2946 torques.

188 2943 381 3090 PlafiDicam
410 2946 496 3029 igitur
520 2945 689 3029 explanate,
714 2967 772 3010 nec
797 2947 874 3016 aliud
900 2947 995 3011 dicuni
1018 2946 1108 3008 ficum

145 3049 235 3112 quam
268 3049 343 3091 cum.

189 3109 251 3172 Ne.
278 3111 347 3173 Dic.

153 3261 155 3266 ,
187 3193 250 3256 Plt.
272 3193 375 3256 Altirm
397 3195 585 3258 dormiebam.

186 3278 248 3342 Μ.-
273 3277 354 3350 Quid
376 3279 439 3340 ais?
461 3279 553 3362 Atqui
569 3279 632 3362 jam
650 3279 824 3362 praeterierat·
845 3290 959 3352 octava,
973 3274 1042 3337 crim
1062 3275 1106 3340 sol

144 3363 201 3434 hoc
215 3382 316 3423 mense
331 3373 428 3442 surgat
442 3376 507 3422 ante
523 3375 662 3443 quartam.

187 3444 246 3508 ΡΙι.
270 3443 331 3506 Per
344 3465 393 3506 me
409 3445 524 3526 quidem
547 3445 599 3506 soli
621 3446 744 3506 liberum
766 3454 810 3503 est
832 3439 880 3502 vel
902 3439 1000 3504 medii
1019 3458 1105 3507 nocta

145 3549 273 3612 surgere,
295 3526 385 3590 modb
405 3527 476 3591 mihi
498 3527 584 3591 liceat
605 3528 643 3590 ad
668 3527 829 3589 satietatem
853 3543 944 3609 usque
970 3528 1103 3590 dormire.
